@Misc{lal,
  Title          = {L{SC} {A}lgorithm {L}ibrary},
  howpublished = {\url{https://www.lsc-group.phys.uwm.edu/daswg/projects/lalsuite.html}}
}

@Misc{aVIRGO,
     author    = "Acernese, F. and others",
     collaboration = "{The Virgo Collaboration}",
     title     = "{Advanced Virgo Baseline Design}",
     note      = "{[Virgo Techincal Document VIR-0027A-09]}",
     year      = "2009",
}

@article{Ozel:2010su,
      author         = "Ozel, Feryal and Psaltis, Dimitrios and Narayan, Ramesh
                        and McClintock, Jeffrey E.",
      title          = "{The Black Hole Mass Distribution in the Galaxy}",
      journal        = "Astrophys.J.",
      volume         = "725",
      pages          = "1918-1927",
      doi            = "10.1088/0004-637X/725/2/1918",
      year           = "2010",
      eprint         = "1006.2834",
      archivePrefix  = "arXiv",
      primaryClass   = "astro-ph.GA",
      SLACcitation   = "%%CITATION = ARXIV:1006.2834;%%",
}

@article{Somiya:2011np,
      author         = "Somiya, Kentaro",
      title          = "{Detector configuration of KAGRA: The Japanese cryogenic
                        gravitational-wave detector}",
      collaboration  = "KAGRA Collaboration",
      journal        = "Class.Quant.Grav.",
      volume         = "29",
      pages          = "124007",
      doi            = "10.1088/0264-9381/29/12/124007",
      year           = "2012",
      eprint         = "1111.7185",
      archivePrefix  = "arXiv",
      primaryClass   = "gr-qc",
      SLACcitation   = "%%CITATION = ARXIV:1111.7185;%%",
}

@article{Harry:2010zz,
      author         = "Harry, Gregory M. and others",
      title          = "{Advanced LIGO: The next generation of gravitational wave
                        detectors}",
      collaboration  = "LIGO Scientific Collaboration",
      journal        = "Class.Quant.Grav.",
      volume         = "27",
      pages          = "084006",
      doi            = "10.1088/0264-9381/27/8/084006",
      year           = "2010",
      SLACcitation   = "%%CITATION = CQGRD,27,084006;%%",
}

@article{Cannon:2010qh,
      author = "Cannon, Kipp and others",
      title          = "{Singular value decomposition applied to compact binary
                        coalescence gravitational-wave signals}",
      journal        = "Phys.Rev.",
      volume         = "D82",
      pages          = "044025",
      year           = "2010"
}


@Article{Jaranowski:1997ky,
      author         = "Jaranowski, Piotr and Schaefer, Gerhard",
      title          = "{Third postNewtonian higher order ADM Hamilton dynamics
                        for two-body point mass systems}",
      journal        = "Phys.Rev.",
      volume         = "D57",
      pages          = "7274-7291",
      doi            = "10.1103/PhysRevD.57.7274, 10.1103/PhysRevD.63.029902",
      year           = "1998",
      eprint         = "gr-qc/9712075",
      archivePrefix  = "arXiv",
      primaryClass   = "gr-qc",
      SLACcitation   = "%%CITATION = GR-QC/9712075;%%",
}

@Article{Jaranowski:1999ye,
      author         = "Jaranowski, Piotr and Schaefer, Gerhard",
      title          = "{The Binary black hole problem at the third postNewtonian
                        approximation in the orbital motion: Static part}",
      journal        = "Phys.Rev.",
      volume         = "D60",
      pages          = "124003",
      doi            = "10.1103/PhysRevD.60.124003",
      year           = "1999",
      eprint         = "gr-qc/9906092",
      archivePrefix  = "arXiv",
      primaryClass   = "gr-qc",
      SLACcitation   = "%%CITATION = GR-QC/9906092;%%",
}

@Article{Jaranowski:1999qd,
      author         = "Jaranowski, Piotr and Schaefer, Gerhard",
      title          = "{The Binary black hole dynamics at the third
                        postNewtonian order in the orbital motion}",
      journal        = "Annalen Phys.",
      volume         = "9",
      pages          = "378-383",
      year           = "2000",
      eprint         = "gr-qc/0003054",
      archivePrefix  = "arXiv",
      primaryClass   = "gr-qc",
      SLACcitation   = "%%CITATION = GR-QC/0003054;%%",
}

@Article{Damour:2001bu,
      author         = "Damour, Thibault and Jaranowski, Piotr and Schaefer,
                        Gerhard",
      title          = "{Dimensional regularization of the gravitational
                        interaction of point masses}",
      journal        = "Phys.Lett.",
      volume         = "B513",
      pages          = "147-155",
      doi            = "10.1016/S0370-2693(01)00642-6",
      year           = "2001",
      eprint         = "gr-qc/0105038",
      archivePrefix  = "arXiv",
      primaryClass   = "gr-qc",
      reportNumber   = "IHES-P-01-19",
      SLACcitation   = "%%CITATION = GR-QC/0105038;%%",
}

@Article{Blanchet:2003gy,
      author         = "Blanchet, Luc and Damour, Thibault and Esposito-Farese,
                        Gilles",
      title          = "{Dimensional regularization of the third postNewtonian
                        dynamics of point particles in harmonic coordinates}",
      journal        = "Phys.Rev.",
      volume         = "D69",
      pages          = "124007",
      doi            = "10.1103/PhysRevD.69.124007",
      year           = "2004",
      eprint         = "gr-qc/0311052",
      archivePrefix  = "arXiv",
      primaryClass   = "gr-qc",
      SLACcitation   = "%%CITATION = GR-QC/0311052;%%",
}

@Article{Damour:2000ni,
      author         = "Damour, Thibault and Jaranowski, Piotr and Schaefer,
                        Gerhard",
      title          = "{Equivalence between the ADM-Hamiltonian and the harmonic
                        coordinates approaches to the third postNewtonian dynamics
                        of compact binaries}",
      journal        = "Phys.Rev.",
      volume         = "D63",
      pages          = "044021",
      doi            = "10.1103/PhysRevD.63.044021, 10.1103/PhysRevD.66.029901",
      year           = "2001",
      eprint         = "gr-qc/0010040",
      archivePrefix  = "arXiv",
      primaryClass   = "gr-qc",
      SLACcitation   = "%%CITATION = GR-QC/0010040;%%",
}

@Article{Blanchet:2002mb,
      author         = "Blanchet, Luc and Iyer, Bala R.",
      title          = "{Third postNewtonian dynamics of compact binaries:
                        Equations of motion in the center-of-mass frame}",
      journal        = "Class.Quant.Grav.",
      volume         = "20",
      pages          = "755",
      doi            = "10.1088/0264-9381/20/4/309",
      year           = "2003",
      eprint         = "gr-qc/0209089",
      archivePrefix  = "arXiv",
      primaryClass   = "gr-qc",
      SLACcitation   = "%%CITATION = GR-QC/0209089;%%",
}

@Article{Blanchet:2004ek,
      author         = "Blanchet, Luc and Damour, Thibault and Esposito-Farese,
                        Gilles and Iyer, Bala R.",
      title          = "{Gravitational radiation from inspiralling compact
                        binaries completed at the third post-Newtonian order}",
      journal        = "Phys.Rev.Lett.",
      volume         = "93",
      pages          = "091101",
      doi            = "10.1103/PhysRevLett.93.091101",
      year           = "2004",
      eprint         = "gr-qc/0406012",
      archivePrefix  = "arXiv",
      primaryClass   = "gr-qc",
      SLACcitation   = "%%CITATION = GR-QC/0406012;%%",
}

@Article{Blanchet:2005tk,
      author         = "Blanchet, Luc and Damour, Thibault and Esposito-Farese,
                        Gilles and Iyer, Bala R.",
      title          = "{Dimensional regularization of the third post-Newtonian
                        gravitational wave generation from two point masses}",
      journal        = "Phys.Rev.",
      volume         = "D71",
      pages          = "124004",
      doi            = "10.1103/PhysRevD.71.124004",
      year           = "2005",
      eprint         = "gr-qc/0503044",
      archivePrefix  = "arXiv",
      primaryClass   = "gr-qc",
      SLACcitation   = "%%CITATION = GR-QC/0503044;%%",
}

@Article{Blanchet:2001ax,
      author         = "Blanchet, Luc and Faye, Guillaume and Iyer, Bala R. and
                        Joguet, Benoit",
      title          = "{Gravitational wave inspiral of compact binary systems to
                        7/2 postNewtonian order}",
      journal        = "Phys.Rev.",
      volume         = "D65",
      pages          = "061501",
      doi            = "10.1103/PhysRevD.71.129902, 10.1103/PhysRevD.65.061501",
      year           = "2002",
      eprint         = "gr-qc/0105099",
      archivePrefix  = "arXiv",
      primaryClass   = "gr-qc",
      SLACcitation   = "%%CITATION = GR-QC/0105099;%%",
}

@Article{Blanchet:2004bb,
      author         = "Blanchet, Luc and Iyer, Bala R.",
      title          = "{Hadamard regularization of the third post-Newtonian
                        gravitational wave generation of two point masses}",
      journal        = "Phys.Rev.",
      volume         = "D71",
      pages          = "024004",
      doi            = "10.1103/PhysRevD.71.024004",
      year           = "2005",
      eprint         = "gr-qc/0409094",
      archivePrefix  = "arXiv",
      primaryClass   = "gr-qc",
      SLACcitation   = "%%CITATION = GR-QC/0409094;%%",
}

@Article{Cutler:1994ys,
      author         = "Cutler, Curt and Flanagan, Eanna E.",
      title          = "{Gravitational waves from merging compact binaries: How
                        accurately can one extract the binary's parameters from
                        the inspiral wave form?}",
      journal        = "Phys.Rev.",
      volume         = "D49",
      pages          = "2658-2697",
      doi            = "10.1103/PhysRevD.49.2658",
      year           = "1994",
      eprint         = "gr-qc/9402014",
      archivePrefix  = "arXiv",
      primaryClass   = "gr-qc",
      reportNumber   = "GRP-369",
      SLACcitation   = "%%CITATION = GR-QC/9402014;%%",
}

@Article{Buchman:2012dw,
      author         = "Buchman, Luisa T. and Pfeiffer, Harald P. and Scheel,
                        Mark A. and Szilagyi, Bela",
      title          = "{Simulations of non-equal mass black hole binaries with
                        spectral methods}",
      year           = "2012",
      eprint         = "1206.3015",
      archivePrefix  = "arXiv",
      primaryClass   = "gr-qc",
      SLACcitation   = "%%CITATION = ARXIV:1206.3015;%%",
}

@Article{Ajith:2012tt,
      author         = "Ajith, P. and Boyle, Michael and Brown, Duncan A. and
                        Brugmann, Bernd and Buchman, Luisa T. and others",
      title          = "{The NINJA-2 catalog of hybrid
                        post-Newtonian/numerical-relativity waveforms for
                        non-precessing black-hole binaries}",
      journal        = "Class.Quant.Grav.",
      volume         = "29",
      pages          = "124001",
      doi            = "10.1088/0264-9381/29/12/124001",
      year           = "2012",
      eprint         = "1201.5319",
      archivePrefix  = "arXiv",
      primaryClass   = "gr-qc",
      SLACcitation   = "%%CITATION = ARXIV:1201.5319;%%",
}

@Article{EOBOriginalBuonannoDamour,
      author         = "Buonanno, A. and Damour, T.",
      title          = "{Effective one-body approach to general relativistic
                        two-body dynamics}",
      journal        = "Phys.Rev.",
      volume         = "D59",
      pages          = "084006",
      doi            = "10.1103/PhysRevD.59.084006",
      year           = "1999",
      eprint         = "gr-qc/9811091",
      archivePrefix  = "arXiv",
      primaryClass   = "gr-qc",
      reportNumber   = "IHES-P-98-74",
      SLACcitation   = "%%CITATION = GR-QC/9811091;%%",
}

@Article{Buonanno:2007pf,
      author         = "Buonanno, Alessandra and Pan, Yi and Baker, John G. and
                        Centrella, Joan and Kelly, Bernard J. and others",
      title          = "{Toward faithful templates for non-spinning binary black
                        holes using the effective-one-body approach}",
      journal        = "Phys.Rev.",
      volume         = "D76",
      pages          = "104049",
      doi            = "10.1103/PhysRevD.76.104049",
      year           = "2007",
      eprint         = "0706.3732",
      archivePrefix  = "arXiv",
      primaryClass   = "gr-qc",
      SLACcitation   = "%%CITATION = ARXIV:0706.3732;%%",
}

@Article{Buonanno:2002ft,
      author         = "Buonanno, Alessandra and Chen, Yan-bei and Vallisneri,
                        Michele",
      title          = "{Detection template families for gravitational waves from
                        the final stages of binary--black-hole inspirals:
                        Nonspinning case}",
      journal        = "Phys.Rev.",
      volume         = "D67",
      pages          = "024016",
      doi            = "10.1103/PhysRevD.67.024016, 10.1103/PhysRevD.74.029903",
      year           = "2003",
      eprint         = "gr-qc/0205122",
      archivePrefix  = "arXiv",
      primaryClass   = "gr-qc",
      SLACcitation   = "%%CITATION = GR-QC/0205122;%%",
}

@ARTICLE{HigherHarmonicsDAsearch,
      author         = "McKechan, D.J.A.",
      title          = "{On the use of higher order waveforms in the search for
                        gravitational waves emitted by compact binary
                        coalescences}",
      year           = "2011",
      eprint         = "1102.1749",
      archivePrefix  = "arXiv",
      primaryClass   = "gr-qc",
      SLACcitation   = "%%CITATION = ARXIV:1102.1749;%%",
}

@Article{EOBEffHamiltonian,
      author         = "Damour, Thibault and Nagar, Alessandro",
      title          = "{Final spin of a coalescing black-hole binary: An
                        Effective-one-body approach}",
      journal        = "Phys.Rev.",
      volume         = "D76",
      pages          = "044003",
      doi            = "10.1103/PhysRevD.76.044003",
      year           = "2007",
      eprint         = "0704.3550",
      archivePrefix  = "arXiv",
      primaryClass   = "gr-qc",
      SLACcitation   = "%%CITATION = ARXIV:0704.3550;%%",
}

@Article{BuonannoEOBTerms,
      author         = "Buonanno, A. and Damour, T.",
      title          = "{Effective one-body approach to general relativistic
                        two-body dynamics}",
      journal        = "Phys.Rev.",
      volume         = "D59",
      pages          = "084006",
      doi            = "10.1103/PhysRevD.59.084006",
      year           = "1999",
      eprint         = "gr-qc/9811091",
      archivePrefix  = "arXiv",
      primaryClass   = "gr-qc",
      reportNumber   = "IHES-P-98-74",
      SLACcitation   = "%%CITATION = GR-QC/9811091;%%",
}

@Article{BuonannoEOBv2Main,
      author         = "Pan, Yi and Buonanno, Alessandra and Boyle, Michael and
                        Buchman, Luisa T. and Kidder, Lawrence E. and others",
      title          = "{Inspiral-merger-ringdown multipolar waveforms of
                        nonspinning black-hole binaries using the
                        effective-one-body formalism}",
      journal        = "Phys.Rev.",
      volume         = "D84",
      pages          = "124052",
      doi            = "10.1103/PhysRevD.84.124052",
      year           = "2011",
      note           = "26 pages, 25 figures",
      eprint         = "1106.1021",
      archivePrefix  = "arXiv",
      primaryClass   = "gr-qc",
      SLACcitation   = "%%CITATION = ARXIV:1106.1021;%%",
}

@Article{DataFormatNR,
      author         = "Brown, D. and Fairhurst, S. and Krishnan, B. and Mercer,
                        R.A. and Kopparapu, R.K. and others",
      title          = "{Data formats for numerical relativity waves}",
      journal        = "arXiv",
      year           = "2007",
      eprint         = "0709.0093",
      archivePrefix  = "arXiv",
      primaryClass   = "gr-qc",
      reportNumber   = "LIGO-T070072-00-Z",
      SLACcitation   = "%%CITATION = ARXIV:0709.0093;%%",
}

@Article{Pretorius2005,
      author         = "Pretorius, Frans",
      title          = "{Evolution of binary black hole spacetimes}",
      journal        = "Phys.Rev.Lett.",
      volume         = "95",
      pages          = "121101",
      doi            = "10.1103/PhysRevLett.95.121101",
      year           = "2005",
      eprint         = "gr-qc/0507014",
      archivePrefix  = "arXiv",
      primaryClass   = "gr-qc",
      SLACcitation   = "%%CITATION = GR-QC/0507014;%%",
}

@Article{Pretorius2006,
      author         = "Pretorius, Frans",
      title          = "{Simulation of binary black hole spacetimes with a
                        harmonic evolution scheme}",
      journal        = "Class.Quant.Grav.",
      volume         = "23",
      pages          = "S529-S552",
      doi            = "10.1088/0264-9381/23/16/S13",
      year           = "2006",
      eprint         = "gr-qc/0602115",
      archivePrefix  = "arXiv",
      primaryClass   = "gr-qc",
      SLACcitation   = "%%CITATION = GR-QC/0602115;%%",
}

@Article{BBHNRScheel,
      author         = "Scheel, Mark A. and Boyle, Michael and Chu, Tony and
                        Kidder, Lawrence E. and Matthews, Keith D. and others",
      title          = "{High-accuracy waveforms for binary black hole inspiral,
                        merger, and ringdown}",
      journal        = "Phys.Rev.",
      volume         = "D79",
      pages          = "024003",
      doi            = "10.1103/PhysRevD.79.024003",
      year           = "2009",
      eprint         = "0810.1767",
      archivePrefix  = "arXiv",
      primaryClass   = "gr-qc",
      SLACcitation   = "%%CITATION = ARXIV:0810.1767;%%",
}

@Article{BBHNRGonzalezq10,
      author         = "Gonzalez, Jose A. and Sperhake, Ulrich and Bruegmann,
                        Bernd",
      title          = "{Black-hole binary simulations: The Mass ratio 10:1}",
      journal        = "Phys.Rev.",
      volume         = "D79",
      pages          = "124006",
      doi            = "10.1103/PhysRevD.79.124006",
      year           = "2009",
      eprint         = "0811.3952",
      archivePrefix  = "arXiv",
      primaryClass   = "gr-qc",
      SLACcitation   = "%%CITATION = ARXIV:0811.3952;%%",
}

@Article{BBHNRPollney,
      author         = "Pollney, Denis and Reisswig, Christian and Schnetter,
                        Erik and Dorband, Nils and Diener, Peter",
      title          = "{High accuracy binary black hole simulations with an
                        extended wave zone}",
      journal        = "Phys.Rev.",
      volume         = "D83",
      pages          = "044045",
      doi            = "10.1103/PhysRevD.83.044045",
      year           = "2011",
      eprint         = "0910.3803",
      archivePrefix  = "arXiv",
      primaryClass   = "gr-qc",
      SLACcitation   = "%%CITATION = ARXIV:0910.3803;%%",
}

@Article{BBHNRLoustoq10,
      author         = "Lousto, Carlos O. and Nakano, Hiroyuki and Zlochower,
                        Yosef and Campanelli, Manuela",
      title          = "{Intermediate Mass Ratio Black Hole Binaries: Numerical
                        Relativity meets Perturbation Theory}",
      journal        = "Phys.Rev.Lett.",
      volume         = "104",
      pages          = "211101",
      doi            = "10.1103/PhysRevLett.104.211101",
      year           = "2010",
      eprint         = "1001.2316",
      archivePrefix  = "arXiv",
      primaryClass   = "gr-qc",
      SLACcitation   = "%%CITATION = ARXIV:1001.2316;%%",
}


@Article{BHRDQNMs,
      author         = "Berti, Emanuele and Cardoso, Vitor and Will, Clifford M.",
      title          = "{On gravitational-wave spectroscopy of massive black
                        holes with the space interferometer LISA}",
      journal        = "Phys.Rev.",
      volume         = "D73",
      pages          = "064030",
      doi            = "10.1103/PhysRevD.73.064030",
      year           = "2006",
      eprint         = "gr-qc/0512160",
      archivePrefix  = "arXiv",
      primaryClass   = "gr-qc",
      SLACcitation   = "%%CITATION = GR-QC/0512160;%%",
}

@Article{BHPTMinoSasaki,
      author         = "Mino, Yasushi and Sasaki, Misao and Shibata, Masaru and
                        Tagoshi, Hideyuki and Tanaka, Takahiro",
      title          = "{Black hole perturbation: Chapter 1}",
      journal        = "Prog.Theor.Phys.Suppl.",
      volume         = "128",
      pages          = "1-121",
      doi            = "10.1143/PTPS.128.1",
      year           = "1997",
      eprint         = "gr-qc/9712057",
      archivePrefix  = "arXiv",
      primaryClass   = "gr-qc",
      SLACcitation   = "%%CITATION = GR-QC/9712057;%%",
}

@Article{DamourFluxhlm01,
      author         = "Damour, Thibault and Iyer, Bala R. and Nagar, Alessandro",
      title          = "{Improved resummation of post-Newtonian multipolar
                        waveforms from circularized compact binaries}",
      journal        = "Phys.Rev.",
      volume         = "D79",
      pages          = "064004",
      doi            = "10.1103/PhysRevD.79.064004",
      year           = "2009",
      eprint         = "0811.2069",
      archivePrefix  = "arXiv",
      primaryClass   = "gr-qc",
      SLACcitation   = "%%CITATION = ARXIV:0811.2069;%%",
}

@Article{Sathyaprakash:1991mt,
      author         = "Sathyaprakash, B.S. and Dhurandhar, S.V.",
      title          = "{Choice of filters for the detection of gravitational
                        waves from coalescing binaries}",
      journal        = "Phys.Rev.",
      volume         = "D44",
      pages          = "3819-3834",
      doi            = "10.1103/PhysRevD.44.3819",
      year           = "1991",
      SLACcitation   = "%%CITATION = PHRVA,D44,3819;%%",
}

@Article{Balasubramanian:1995bm,
      author         = "Balasubramanian, R. and Sathyaprakash, B.S. and
                        Dhurandhar, S.V.",
      title          = "{Gravitational waves from coalescing binaries: Detection
                        strategies and Monte Carlo estimation of parameters}",
      journal        = "Phys.Rev.",
      volume         = "D53",
      pages          = "3033-3055",
      doi            = "10.1103/PhysRevD.54.1860, 10.1103/PhysRevD.53.3033",
      year           = "1996",
      eprint         = "gr-qc/9508011",
      archivePrefix  = "arXiv",
      primaryClass   = "gr-qc",
      reportNumber   = "IUCAA-21-95",
      SLACcitation   = "%%CITATION = GR-QC/9508011;%%",
}

@Article{SathyaMetric2PN,
      author         = "Owen, Benjamin J. and Sathyaprakash, B.S.",
      title          = "{Matched filtering of gravitational waves from
                        inspiraling compact binaries: Computational cost and
                        template placement}",
      journal        = "Phys.Rev.",
      volume         = "D60",
      pages          = "022002",
      doi            = "10.1103/PhysRevD.60.022002",
      year           = "1999",
      eprint         = "gr-qc/9808076",
      archivePrefix  = "arXiv",
      primaryClass   = "gr-qc",
      reportNumber   = "GRP-505",
      SLACcitation   = "%%CITATION = GR-QC/9808076;%%",
}

@Article{OwenTemplateSpacing,
      author         = "Owen, Benjamin J.",
      title          = "{Search templates for gravitational waves from
                        inspiraling binaries: Choice of template spacing}",
      journal        = "Phys.Rev.",
      volume         = "D53",
      pages          = "6749-6761",
      doi            = "10.1103/PhysRevD.53.6749",
      year           = "1996",
      eprint         = "gr-qc/9511032",
      archivePrefix  = "arXiv",
      primaryClass   = "gr-qc",
      SLACcitation   = "%%CITATION = GR-QC/9511032;%%",
}

@Article{BabaketalBankPlacement,
      author         = "Babak, S. and Balasubramanian, R. and Churches, D. and
                        Cokelaer, T. and Sathyaprakash, B.S.",
      title          = "{A Template bank to search for gravitational waves from
                        inspiralling compact binaries. I. Physical models}",
      journal        = "Class.Quant.Grav.",
      volume         = "23",
      pages          = "5477-5504",
      doi            = "10.1088/0264-9381/23/18/002",
      year           = "2006",
      eprint         = "gr-qc/0604037",
      archivePrefix  = "arXiv",
      primaryClass   = "gr-qc",
      SLACcitation   = "%%CITATION = GR-QC/0604037;%%",
}

@Article{SathyaBankPlacementTauN,
      author         = "Sathyaprakash, B.S.",
      title          = "{Filtering postNewtonian gravitational waves from
                        coalescing binaries}",
      journal        = "Phys.Rev.",
      volume         = "D50",
      pages          = "7111-7115",
      doi            = "10.1103/PhysRevD.50.R7111",
      year           = "1994",
      eprint         = "gr-qc/9411043",
      archivePrefix  = "arXiv",
      primaryClass   = "gr-qc",
      reportNumber   = "IUCAA-18-94",
      SLACcitation   = "%%CITATION = GR-QC/9411043;%%",
}

@Article{Cokelaer:2007kx,
      author         = "Cokelaer, Thomas",
      title          = "{Gravitational waves from inspiralling compact binaries:
                        Hexagonal template placement and its efficiency in
                        detecting physical signals}",
      journal        = "Phys.Rev.",
      volume         = "D76",
      pages          = "102004",
      doi            = "10.1103/PhysRevD.76.102004",
      year           = "2007",
      eprint         = "0706.4437",
      archivePrefix  = "arXiv",
      primaryClass   = "gr-qc",
      SLACcitation   = "%%CITATION = ARXIV:0706.4437;%%",
}

@Article{EOBdevel01,
      author         = "Buonanno, Alessandra and Damour, Thibault",
      title          = "{Transition from inspiral to plunge in binary black hole
                        coalescences}",
      journal        = "Phys.Rev.",
      volume         = "D62",
      pages          = "064015",
      doi            = "10.1103/PhysRevD.62.064015",
      year           = "2000",
      note           = "52 pages, 21 figures, ReVTex, epsfig; few misprints
                        corrected",
      eprint         = "gr-qc/0001013",
      archivePrefix  = "arXiv",
      primaryClass   = "gr-qc",
      reportNumber   = "IHES-P-99-90, GRP-99-521",
      SLACcitation   = "%%CITATION = GR-QC/0001013;%%",
}

@Article{EOBNRdevel01,
      author         = "Buonanno, Alessandra and Pan, Yi and Pfeiffer, Harald P.
                        and Scheel, Mark A. and Buchman, Luisa T. and others",
      title          = "{Effective-one-body waveforms calibrated to numerical
                        relativity simulations: Coalescence of non-spinning,
                        equal-mass black holes}",
      journal        = "Phys.Rev.",
      volume         = "D79",
      pages          = "124028",
      doi            = "10.1103/PhysRevD.79.124028",
      year           = "2009",
      eprint         = "0902.0790",
      archivePrefix  = "arXiv",
      primaryClass   = "gr-qc",
      SLACcitation   = "%%CITATION = ARXIV:0902.0790;%%",
}

@Article{EOBNRdevel02,
      author         = "Damour, Thibault and Nagar, Alessandro",
      title          = "{An Improved analytical description of inspiralling and
                        coalescing black-hole binaries}",
      journal        = "Phys.Rev.",
      volume         = "D79",
      pages          = "081503",
      doi            = "10.1103/PhysRevD.79.081503",
      year           = "2009",
      eprint         = "0902.0136",
      archivePrefix  = "arXiv",
      primaryClass   = "gr-qc",
      SLACcitation   = "%%CITATION = ARXIV:0902.0136;%%",
}

@Article{EOBNRdevel03,
      author         = "Damour, Thibault and Nagar, Alessandro",
      title          = "{Comparing Effective-One-Body gravitational waveforms to
                        accurate numerical data}",
      journal        = "Phys.Rev.",
      volume         = "D77",
      pages          = "024043",
      doi            = "10.1103/PhysRevD.77.024043",
      year           = "2008",
      eprint         = "0711.2628",
      archivePrefix  = "arXiv",
      primaryClass   = "gr-qc",
      SLACcitation   = "%%CITATION = ARXIV:0711.2628;%%",
}

@Article{EOBNRdevel04,
      author         = "Damour, Thibault and Nagar, Alessandro and Dorband, Ernst
                        Nils and Pollney, Denis and Rezzolla, Luciano",
      title          = "{Faithful Effective-One-Body waveforms of equal-mass
                        coalescing black-hole binaries}",
      journal        = "Phys.Rev.",
      volume         = "D77",
      pages          = "084017",
      doi            = "10.1103/PhysRevD.77.084017",
      year           = "2008",
      eprint         = "0712.3003",
      archivePrefix  = "arXiv",
      primaryClass   = "gr-qc",
      SLACcitation   = "%%CITATION = ARXIV:0712.3003;%%",
}

@Article{EOBNR01,
      author         = "Damour, Thibault and Nagar, Alessandro and Hannam, Mark
                        and Husa, Sascha and Bruegmann, Bernd",
      title          = "{Accurate Effective-One-Body waveforms of inspiralling
                        and coalescing black-hole binaries}",
      journal        = "Phys.Rev.",
      volume         = "D78",
      pages          = "044039",
      doi            = "10.1103/PhysRevD.78.044039",
      year           = "2008",
      eprint         = "0803.3162",
      archivePrefix  = "arXiv",
      primaryClass   = "gr-qc",
      SLACcitation   = "%%CITATION = ARXIV:0803.3162;%%",
}

@Article{EOBdevel02,
      author         = "Damour, Thibault and Iyer, Bala R. and Jaranowski, Piotr
                        and Sathyaprakash, B.S.",
      title          = "{Gravitational waves from black hole binary inspiral and
                        merger: The Span of third postNewtonian effective one-body
                        templates}",
      journal        = "Phys.Rev.",
      volume         = "D67",
      pages          = "064028",
      doi            = "10.1103/PhysRevD.67.064028",
      year           = "2003",
      eprint         = "gr-qc/0211041",
      archivePrefix  = "arXiv",
      primaryClass   = "gr-qc",
      SLACcitation   = "%%CITATION = GR-QC/0211041;%%",
}

@Article{DamourNQC01,
      author         = "Damour, Thibault and Nagar, Alessandro",
      title          = "{Faithful effective-one-body waveforms of
                        small-mass-ratio coalescing black-hole binaries}",
      journal        = "Phys.Rev.",
      volume         = "D76",
      pages          = "064028",
      doi            = "10.1103/PhysRevD.76.064028",
      year           = "2007",
      eprint         = "0705.2519",
      archivePrefix  = "arXiv",
      primaryClass   = "gr-qc",
      SLACcitation   = "%%CITATION = ARXIV:0705.2519;%%",
}

@Article{PadeSubDiag2011,
      author         = "Carre, Jerome and Porter, Edward K.",
      title          = "{Calculating the continued fraction coefficients of a
                        sub-diagonal Pad\'e approximant at arbitrary order}",
      year           = "2011",
      eprint         = "1112.3222",
      archivePrefix  = "arXiv",
      primaryClass   = "gr-qc",
      SLACcitation   = "%%CITATION = ARXIV:1112.3222;%%",
}

@Article{PadeAD,
      author         = "Damour, Thibault and Jaranowski, Piotr and Schaefer,
                        Gerhard",
      title          = "{On the determination of the last stable orbit for
                        circular general relativistic binaries at the third
                        postNewtonian approximation}",
      journal        = "Phys.Rev.",
      volume         = "D62",
      pages          = "084011",
      doi            = "10.1103/PhysRevD.62.084011",
      year           = "2000",
      eprint         = "gr-qc/0005034",
      archivePrefix  = "arXiv",
      primaryClass   = "gr-qc",
      SLACcitation   = "%%CITATION = GR-QC/0005034;%%",
}

@Article{ChebyshevResum2006,
      author         = "Porter, Edward K.",
      title          = "{Modelling the post-Newtonian test-mass gravitational
                        wave flux function for compact binary systems using
                        Chebyshev polynomials}",
      journal        = "Class.Quant.Grav.",
      volume         = "23",
      pages          = "S837",
      doi            = "10.1088/0264-9381/23/19/S22",
      year           = "2006",
      eprint         = "gr-qc/0609015",
      archivePrefix  = "arXiv",
      primaryClass   = "gr-qc",
      SLACcitation   = "%%CITATION = GR-QC/0609015;%%",
}

@Article{IniConditions-precessing,
      author         = "Buonanno, Alessandra and Chen, Yanbei and Damour,
                        Thibault",
      title          = "{Transition from inspiral to plunge in precessing
                        binaries of spinning black holes}",
      journal        = "Phys.Rev.",
      volume         = "D74",
      pages          = "104005",
      doi            = "10.1103/PhysRevD.74.104005",
      year           = "2006",
      eprint         = "gr-qc/0508067",
      archivePrefix  = "arXiv",
      primaryClass   = "gr-qc",
      SLACcitation   = "%%CITATION = GR-QC/0508067;%%",
}

@Article{FluxandE3-5PN,
      author         = "Blanchet, Luc and Faye, Guillaume and Iyer, Bala R. and
                        Joguet, Benoit",
      title          = "{Gravitational wave inspiral of compact binary systems to
                        7/2 postNewtonian order}",
      journal        = "Phys.Rev.",
      volume         = "D65",
      pages          = "061501",
      doi            = "10.1103/PhysRevD.65.061501, 10.1103/PhysRevD.71.129902",
      year           = "2002",
      eprint         = "gr-qc/0105099",
      archivePrefix  = "arXiv",
      primaryClass   = "gr-qc",
      SLACcitation   = "%%CITATION = GR-QC/0105099;%%",
}

@Article{GW2PN,
      author         = "Blanchet, Luc and Damour, Thibault and Iyer, Bala R. and
                        Will, Clifford M. and Wiseman, Alan.G.",
      title          = "{Gravitational radiation damping of compact binary
                        systems to second postNewtonian order}",
      journal        = "Phys.Rev.Lett.",
      volume         = "74",
      pages          = "3515-3518",
      doi            = "10.1103/PhysRevLett.74.3515",
      year           = "1995",
      eprint         = "gr-qc/9501027",
      archivePrefix  = "arXiv",
      primaryClass   = "gr-qc",
      SLACcitation   = "%%CITATION = GR-QC/9501027;%%",
}

@Article{CompTemplates2001,
      author         = "Damour, Thibault and Iyer, Bala R. and Sathyaprakash,
                        B.S.",
      title          = "{A Comparison of search templates for gravitational waves
                        from binary inspiral}",
      journal        = "Phys.Rev.",
      volume         = "D63",
      pages          = "044023",
      doi            = "10.1103/PhysRevD.63.044023, 10.1103/PhysRevD.72.029902",
      year           = "2001",
      eprint         = "gr-qc/0010009",
      archivePrefix  = "arXiv",
      primaryClass   = "gr-qc",
      reportNumber   = "IHES-P-00-67",
      SLACcitation   = "%%CITATION = GR-QC/0010009;%%",
}

@Article{CompTemplates2009,
      author         = "Buonanno, Alessandra and Iyer, Bala and Ochsner, Evan and
                        Pan, Yi and Sathyaprakash, B.S.",
      title          = "{Comparison of post-Newtonian templates for compact
                        binary inspiral signals in gravitational-wave detectors}",
      journal        = "Phys.Rev.",
      volume         = "D80",
      pages          = "084043",
      doi            = "10.1103/PhysRevD.80.084043",
      year           = "2009",
      eprint         = "0907.0700",
      archivePrefix  = "arXiv",
      primaryClass   = "gr-qc",
      SLACcitation   = "%%CITATION = ARXIV:0907.0700;%%",
}

@Unpublished{LarneHMStudyDL,
author = "Pekowsky, Larne and others",
title = "{Impact of Higher-order Modes on the Detection of Binary Black Hole Coalescences}",
note = {Poster presented at Rattle and Shine, KITP, UCSB (2012)},
}


@Article{NRPNComparisonBoyleetal,
      author         = "Boyle, Michael and Brown, Duncan A. and Kidder, Lawrence
                        E. and Mroue, Abdul H. and Pfeiffer, Harald P. and others",
      title          = "{High-accuracy comparison of numerical relativity
                        simulations with post-Newtonian expansions}",
      journal        = "Phys.Rev.",
      volume         = "D76",
      pages          = "124038",
      doi            = "10.1103/PhysRevD.76.124038",
      year           = "2007",
      eprint         = "0710.0158",
      archivePrefix  = "arXiv",
      primaryClass   = "gr-qc",
      SLACcitation   = "%%CITATION = ARXIV:0710.0158;%%",
}

@Article{NRPNComparisonBaker2007,
      author         = "Baker, John G. and van Meter, James R. and McWilliams,
                        Sean T. and Centrella, Joan and Kelly, Bernard J.",
      title          = "{Consistency of post-Newtonian waveforms with numerical
                        relativity}",
      journal        = "Phys.Rev.Lett.",
      volume         = "99",
      pages          = "181101",
      doi            = "10.1103/PhysRevLett.99.181101",
      year           = "2007",
      eprint         = "gr-qc/0612024",
      archivePrefix  = "arXiv",
      primaryClass   = "gr-qc",
      SLACcitation   = "%%CITATION = GR-QC/0612024;%%",
}

@Article{NRdynamicsq1,
      author         = "Buonanno, Alessandra and Cook, Gregory B. and Pretorius,
                        Frans",
      title          = "{Inspiral, merger and ring-down of equal-mass black-hole
                        binaries}",
      journal        = "Phys.Rev.",
      volume         = "D75",
      pages          = "124018",
      doi            = "10.1103/PhysRevD.75.124018",
      year           = "2007",
      eprint         = "gr-qc/0610122",
      archivePrefix  = "arXiv",
      primaryClass   = "gr-qc",
      SLACcitation   = "%%CITATION = GR-QC/0610122;%%",
}

@ARTICLE{PNtheoryLivingReviewBlanchet,
      author         = "Blanchet, Luc",
      title          = "{Gravitational radiation from post-Newtonian sources and
                        inspiralling compact binaries}",
      journal        = "Living Rev.Rel.",
      volume         = "9",
      pages          = "4",
      year           = "2006",
      SLACcitation   = "%%CITATION = 00222,9,4;%%",
}

@Article{PNFluxEnergy3PN02,
      author         = "Blanchet, Luc and Iyer, Bala R.",
      title          = "{Hadamard regularization of the third post-Newtonian
                        gravitational wave generation of two point masses}",
      journal        = "Phys.Rev.",
      volume         = "D71",
      pages          = "024004",
      doi            = "10.1103/PhysRevD.71.024004",
      year           = "2005",
      eprint         = "gr-qc/0409094",
      archivePrefix  = "arXiv",
      primaryClass   = "gr-qc",
      SLACcitation   = "%%CITATION = GR-QC/0409094;%%",
}

@Article{PNFluxEnergy3PN01,
      author         = "Blanchet, Luc and Damour, Thibault and Esposito-Farese,
                        Gilles and Iyer, Bala R.",
      title          = "{Gravitational radiation from inspiralling compact
                        binaries completed at the third post-Newtonian order}",
      journal        = "Phys.Rev.Lett.",
      volume         = "93",
      pages          = "091101",
      doi            = "10.1103/PhysRevLett.93.091101",
      year           = "2004",
      eprint         = "gr-qc/0406012",
      archivePrefix  = "arXiv",
      primaryClass   = "gr-qc",
      SLACcitation   = "%%CITATION = GR-QC/0406012;%%",
}

@Article{PNFluxEnergy2PN,
      author         = "Will, Clifford M. and Wiseman, Alan G.",
      title          = "{Gravitational radiation from compact binary systems:
                        Gravitational wave forms and energy loss to second
                        postNewtonian order}",
      journal        = "Phys.Rev.",
      volume         = "D54",
      pages          = "4813-4848",
      doi            = "10.1103/PhysRevD.54.4813",
      year           = "1996",
      eprint         = "gr-qc/9608012",
      archivePrefix  = "arXiv",
      primaryClass   = "gr-qc",
      reportNumber   = "WUGRAV-95-18, GRP-443",
      SLACcitation   = "%%CITATION = GR-QC/9608012;%%",
}

@Article{NRHybridConstruction01,
      author         = "Ohme, Frank and Hannam, Mark and Husa, Sascha",
      title          = "{Reliability of complete gravitational waveform models
                        for compact binary coalescences}",
      journal        = "Phys.Rev.",
      volume         = "D84",
      pages          = "064029",
      doi            = "10.1103/PhysRevD.84.064029",
      year           = "2011",
      eprint         = "1107.0996",
      archivePrefix  = "arXiv",
      primaryClass   = "gr-qc",
      reportNumber   = "LIGO-P1100078-AEI-2011-039",
      SLACcitation   = "%%CITATION = ARXIV:1107.0996;%%",
}

@Article{DamourF2EOB01,
      author         = "Damour, Thibault and Nagar, Alessandro and Trias, Miguel",
      title          = "{Accuracy and effectualness of closed-form,
                        frequency-domain waveforms for non-spinning black hole
                        binaries}",
      journal        = "Phys.Rev.",
      volume         = "D83",
      pages          = "024006",
      doi            = "10.1103/PhysRevD.83.024006",
      year           = "2011",
      eprint         = "1009.5998",
      archivePrefix  = "arXiv",
      primaryClass   = "gr-qc",
      reportNumber   = "LIGO-P1000099-V3",
      SLACcitation   = "%%CITATION = ARXIV:1009.5998;%%",
}

@Article{TaylorT4Origin,
      author         = "Buonanno, Alessandra and Chen, Yan-bei and Vallisneri,
                        Michele",
      title          = "{Detecting gravitational waves from precessing binaries
                        of spinning compact objects: Adiabatic limit}",
      journal        = "Phys.Rev.",
      volume         = "D67",
      pages          = "104025",
      doi            = "10.1103/PhysRevD.67.104025, 10.1103/PhysRevD.74.029904",
      year           = "2003",
      eprint         = "gr-qc/0211087",
      archivePrefix  = "arXiv",
      primaryClass   = "gr-qc",
      SLACcitation   = "%%CITATION = GR-QC/0211087;%%",
}

@Article{FinnChernoffDA,
      author         = "Finn, Lee Samuel and Chernoff, David F.",
      title          = "{Observing binary inspiral in gravitational radiation:
                        One interferometer}",
      journal        = "Phys.Rev.",
      volume         = "D47",
      pages          = "2198-2219",
      doi            = "10.1103/PhysRevD.47.2198",
      year           = "1993",
      eprint         = "gr-qc/9301003",
      archivePrefix  = "arXiv",
      primaryClass   = "gr-qc",
      reportNumber   = "PRINT-93-0138 (NORTHWESTERN)",
      SLACcitation   = "%%CITATION = GR-QC/9301003;%%",
}

@Article{SathyaSchutzLRR,
      author         = "Sathyaprakash, B.S. and Schutz, B.F.",
      title          = "{Physics, Astrophysics and Cosmology with Gravitational
                        Waves}",
      journal        = "Living Rev.Rel.",
      volume         = "12",
      pages          = "2",
      year           = "2009",
      eprint         = "0903.0338",
      archivePrefix  = "arXiv",
      primaryClass   = "gr-qc",
      SLACcitation   = "%%CITATION = ARXIV:0903.0338;%%",
}

@article{WaveformAccuracy2008,
      author         = "Lindblom, Lee and Owen, Benjamin J. and Brown, Duncan A.",
      title          = "{Model Waveform Accuracy Standards for Gravitational Wave
                        Data Analysis}",
      journal        = "Phys.Rev.",
      volume         = "D78",
      pages          = "124020",
      doi            = "10.1103/PhysRevD.78.124020",
      year           = "2008",
      eprint         = "0809.3844",
      archivePrefix  = "arXiv",
      primaryClass   = "gr-qc",
      SLACcitation   = "%%CITATION = ARXIV:0809.3844;%%",
}

@Article{WaveformAccuracy2010,
      author         = "Lindblom, Lee and Baker, John G. and Owen, Benjamin J.",
      title          = "{Improved Time-Domain Accuracy Standards for Model
                        Gravitational Waveforms}",
      journal        = "Phys.Rev.",
      volume         = "D82",
      pages          = "084020",
      doi            = "10.1103/PhysRevD.82.084020",
      year           = "2010",
      eprint         = "1008.1803",
      archivePrefix  = "arXiv",
      primaryClass   = "gr-qc",
      reportNumber   = "LIGO-DOCUMENT-NUMBER-LIGO-P1000078-V2",
      SLACcitation   = "%%CITATION = ARXIV:1008.1803;%%",
}

@Article{Brown:2004vh,
      author         = "Brown, Duncan A.",
      title          = "{Searching for gravitational radiation from binary black
                        hole MACHOs in the galactic halo}",
      year           = "2004",
      eprint         = "0705.1514",
      archivePrefix  = "arXiv",
      primaryClass   = "gr-qc",
      reportNumber   = "LIGO-P050015-00-R",
      SLACcitation   = "%%CITATION = ARXIV:0705.1514;%%",
}

@Article{Colaboration:2011nz,
      author         = "Abadie, J. and others",
      title          = "{Search for Gravitational Waves from Low Mass Compact
                        Binary Coalescence in LIGO's Sixth Science Run and Virgo's
                        Science Runs 2 and 3}",
      collaboration  = "LIGO Scientific Collaboration, Virgo Collaboration",
      journal        = "Phys.Rev.",
      volume         = "D85",
      pages          = "082002",
      doi            = "10.1103/PhysRevD.85.082002",
      year           = "2012",
      eprint         = "1111.7314",
      archivePrefix  = "arXiv",
      primaryClass   = "gr-qc",
      SLACcitation   = "%%CITATION = ARXIV:1111.7314;%%",
}

@Article{Abadie:2010yb,
      author         = "Abadie, J. and others",
      title          = "{Search for Gravitational Waves from Compact Binary
                        Coalescence in LIGO and Virgo Data from S5 and VSR1}",
      collaboration  = "LIGO Scientific Collaboration, Virgo Collaboration",
      journal        = "Phys.Rev.",
      volume         = "D82",
      pages          = "102001",
      doi            = "10.1103/PhysRevD.85.089903, 10.1103/PhysRevD.82.102001",
      year           = "2010",
      eprint         = "1005.4655",
      archivePrefix  = "arXiv",
      primaryClass   = "gr-qc",
      SLACcitation   = "%%CITATION = ARXIV:1005.4655;%%",
}

@Article{Abbott:2009qj,
      author         = "Abbott, B.P. and others",
      title          = "{Search for Gravitational Waves from Low Mass Compact
                        Binary Coalescence in 186 Days of LIGO's fifth Science
                        Run}",
      collaboration  = "LIGO Scientific Collaboration",
      journal        = "Phys.Rev.",
      volume         = "D80",
      pages          = "047101",
      doi            = "10.1103/PhysRevD.80.047101",
      year           = "2009",
      eprint         = "0905.3710",
      archivePrefix  = "arXiv",
      primaryClass   = "gr-qc",
      reportNumber   = "LIGO-DOCUMENT-P0900009-V8",
      SLACcitation   = "%%CITATION = ARXIV:0905.3710;%%",
}

@Article{Abbott:2009tt,
      author         = "Abbott, B.P. and others",
      title          = "{Search for Gravitational Waves from Low Mass Binary
                        Coalescences in the First Year of LIGO's S5 Data}",
      collaboration  = "LIGO Scientific Collaboration",
      journal        = "Phys.Rev.",
      volume         = "D79",
      pages          = "122001",
      doi            = "10.1103/PhysRevD.79.122001",
      year           = "2009",
      eprint         = "0901.0302",
      archivePrefix  = "arXiv",
      primaryClass   = "gr-qc",
      reportNumber   = "LIGO-P080095-04-Z",
      SLACcitation   = "%%CITATION = ARXIV:0901.0302;%%",
}

@Article{Messaritaki:2005wv,
      author         = "Messaritaki, Eirini",
      title          = "{Report on the first binary black hole inspiral search in
                        LIGO data}",
      collaboration  = "LIGO Scientific Collaboration",
      journal        = "Class.Quant.Grav.",
      volume         = "22",
      pages          = "S1119-S1128",
      doi            = "10.1088/0264-9381/22/18/S26",
      year           = "2005",
      eprint         = "gr-qc/0504065",
      archivePrefix  = "arXiv",
      primaryClass   = "gr-qc",
      SLACcitation   = "%%CITATION = GR-QC/0504065;%%",
}

@Article{LSCCBCRates2010,
      author         = "Abadie, J. and others",
      title          = "{Predictions for the Rates of Compact Binary Coalescences
                        Observable by Ground-based Gravitational-wave Detectors}",
      collaboration  = "LIGO Scientific Collaboration, Virgo Collaboration",
      journal        = "Class.Quant.Grav.",
      volume         = "27",
      pages          = "173001",
      doi            = "10.1088/0264-9381/27/17/173001",
      year           = "2010",
      eprint         = "1003.2480",
      archivePrefix  = "arXiv",
      primaryClass   = "astro-ph.HE",
      SLACcitation   = "%%CITATION = ARXIV:1003.2480;%%",
}

@Article{aLIGOsensitivity,
      author         = "Waldman, S.J.",
      title          = "{The Advanced LIGO Gravitational Wave Detector}",
      collaboration  = "the LIGO Scientific Collaboration",
      year           = "2011",
      eprint         = "1103.2728",
      archivePrefix  = "arXiv",
      primaryClass   = "gr-qc",
      reportNumber   = "LIGO-P0900115-V2",
      SLACcitation   = "%%CITATION = ARXIV:1103.2728;%%",
}

@TechReport{aLIGONoiseCurve,
author = "{LIGO (David Shoemaker)}",
title = "{Advanced LIGO anticipated sensitivity curves}",
institution = "{LIGO Document T0900288-v3}",
year = "2009",
OPTkey = {},
OPTtype = {•},
OPTnumber = {•},
OPTaddress = {https://dcc.ligo.org/cgi-bin/DocDB/ShowDocument?docid=2974},
OPTmonth = {•},
OPTnote = {•},
OPTannote = {•}
}

@Article{Sathyaprakash:2009xs,
      author         = "Sathyaprakash, B.S. and Schutz, B.F.",
      title          = "{Physics, Astrophysics and Cosmology with Gravitational
                        Waves}",
      journal        = "Living Rev.Rel.",
      volume         = "12",
      pages          = "2",
      year           = "2009",
      eprint         = "0903.0338",
      archivePrefix  = "arXiv",
      primaryClass   = "gr-qc",
      SLACcitation   = "%%CITATION = ARXIV:0903.0338;%%",
}

@Article{Allen:2004gu,
      author         = "Allen, Bruce",
      title          = "{A chi**2 time-frequency discriminator for gravitational
                        wave detection}",
      journal        = "Phys.Rev.",
      volume         = "D71",
      pages          = "062001",
      doi            = "10.1103/PhysRevD.71.062001",
      year           = "2005",
      eprint         = "gr-qc/0405045",
      archivePrefix  = "arXiv",
      primaryClass   = "gr-qc",
      SLACcitation   = "%%CITATION = GR-QC/0405045;%%",
}

@Article{FittingFactorApostolatos,
      author         = "Apostolatos, T.A.",
      title          = "{Search templates for gravitational waves from
                        precessing, inspiraling binaries}",
      journal        = "Phys.Rev.",
      volume         = "D52",
      pages          = "605-620",
      doi            = "10.1103/PhysRevD.52.605",
      year           = "1995",
      SLACcitation   = "%%CITATION = PHRVA,D52,605;%%",
}

@Book{JolienGWPhysAst,
     author    = "Jolien D.E. Creighton and Warren G. Anderson",
     title     = "Gravitational-Wave Physics and Astronomy: An Introduction to Theory, Experiment and Data Analysis",
     publisher = "Wiley-VCH",
     year      = "2011"
}

@Book{300yrsofGravitation,
     author    = "S. W. Hawking and W. Israel",
     title     = "Three Hundred Years of Gravitation",
     publisher = "Cambridge University Press",
     year      = "1987"
}

@Book{MatthewsWalker,
     author    = "Jon Mathews and Robert L. Walker",
     title     = "Mathematical Methods of Physics",
     publisher = "W.A. Benjamin; 2nd edition",
     year      = "1970"
}

@Article{Droz:1999qx,
      author         = "Droz, Serge and Knapp, Daniel J. and Poisson, Eric and
                        Owen, Benjamin J.",
      title          = "{Gravitational waves from inspiraling compact binaries:
                        Validity of the stationary phase approximation to the
                        Fourier transform}",
      journal        = "Phys.Rev.",
      volume         = "D59",
      pages          = "124016",
      doi            = "10.1103/PhysRevD.59.124016",
      year           = "1999",
      eprint         = "gr-qc/9901076",
      archivePrefix  = "arXiv",
      primaryClass   = "gr-qc",
      SLACcitation   = "%%CITATION = GR-QC/9901076;%%",
}

@Article{KidderPN,
      author         = "Kidder, Lawrence E.",
      title          = "{Using full information when computing modes of
                        post-Newtonian waveforms from inspiralling compact
                        binaries in circular orbit}",
      journal        = "Phys.Rev.",
      volume         = "D77",
      pages          = "044016",
      doi            = "10.1103/PhysRevD.77.044016",
      year           = "2008",
      eprint         = "0710.0614",
      archivePrefix  = "arXiv",
      primaryClass   = "gr-qc",
      SLACcitation   = "%%CITATION = ARXIV:0710.0614;%%",
}

@Article{Blanchet3PN,
      author         = "Blanchet, Luc and Faye, Guillaume and Iyer, Bala R. and
                        Sinha, Siddhartha",
      title          = "{The Third post-Newtonian gravitational wave
                        polarisations and associated spherical harmonic modes for
                        inspiralling compact binaries in quasi-circular orbits}",
      journal        = "Class.Quant.Grav.",
      volume         = "25",
      pages          = "165003",
      doi            = "10.1088/0264-9381/25/16/165003",
      year           = "2008",
      note           = "57 pages, no figures",
      eprint         = "0802.1249",
      archivePrefix  = "arXiv",
      primaryClass   = "gr-qc",
      SLACcitation   = "%%CITATION = ARXIV:0802.1249;%%",
}

@Article{Poisson:1995ef,
      author         = "Poisson, Eric and Will, Clifford M.",
      title          = "{Gravitational waves from inspiraling compact binaries:
                        Parameter estimation using second postNewtonian wave
                        forms}",
      journal        = "Phys.Rev.",
      volume         = "D52",
      pages          = "848-855",
      doi            = "10.1103/PhysRevD.52.848",
      year           = "1995",
      eprint         = "gr-qc/9502040",
      archivePrefix  = "arXiv",
      primaryClass   = "gr-qc",
      reportNumber   = "WUGRAV-95-2",
      SLACcitation   = "%%CITATION = GR-QC/9502040;%%",
}


@Article{Allen:2005fk,
      author         = "Allen, Bruce and others",
      title          = "{FINDCHIRP: An Algorithm for detection of gravitational
                        waves from inspiraling compact binaries}",
      year           = "2005",
      eprint         = "gr-qc/0509116",
      archivePrefix  = "arXiv",
      primaryClass   = "gr-qc",
      SLACcitation   = "%%CITATION = GR-QC/0509116;%%",
}

@Book{Wainstein:1962,
  author	= "L A Wainstein and V D Zubakov",
  title	        = "Extraction of signals from noise",
  publisher	= "Prentice-Hall",
  address	= "Englewood Cliffs, NJ",
  year		= "1962"
}

@article{Pekowsky:2012sr,
      author         = "Pekowsky, Larne and Healy, James and Shoemaker, Deirdre
                        and Laguna, Pablo",
      title          = "{Impact of Higher-order Modes on the Detection of Binary
                        Black Hole Coalescences}",
      year           = "2012",
      eprint         = "1210.1891",
      archivePrefix  = "arXiv",
      primaryClass   = "gr-qc",
      reportNumber   = "NSF-KITP-12-174",
      SLACcitation   = "%%CITATION = ARXIV:1210.1891;%%",
}

@article{McKechan:2011ps,
      author         = "McKechan, D.J.A.",
      title          = "{On the use of higher order waveforms in the search for
                        gravitational waves emitted by compact binary
                        coalescences}",
      year           = "2011",
      eprint         = "1102.1749",
      archivePrefix  = "arXiv",
      primaryClass   = "gr-qc",
      SLACcitation   = "%%CITATION = ARXIV:1102.1749;%%",
      note = "Ph.D. thesis"
}

