i ------------------------------------------------------------------------
% SAMPLE BIBLIOGRAPHY FILE
% ------------------------------------------------------------------------


% ------------------------------------------------------------------------

@ARTICLE{Miller:2004,
   author = {{Miller}, J.~M. and {Zezas}, A. and {Fabbiano}, G. and {Schweizer}, F.
	},
    title = "{XMM-Newton Spectroscopy of Four Bright Ultraluminous X-Ray Sources in the Antennae Galaxies (NGC 4038/4039)}",
  journal = {\apj},
   eprint = {astro-ph/0302535},
 keywords = {Galaxies: Individual: NGC Number: NGC 4038/4039, X-Rays: Galaxies},
     year = 2004,
    month = jul,
   volume = 609,
    pages = {728-734},
      doi = {10.1086/421098},
  adsnote = {Provided by the SAO/NASA Astrophysics Data System}
}

@ARTICLE{Miller:2004b,
   author = {{Miller}, J.~M. and {Fabian}, A.~C. and {Miller}, M.~C.},
    title = "{Revealing a Cool Accretion Disk in the Ultraluminous X-Ray Source M81 X-9 (Holmberg IX X-1): Evidence for an Intermediate-Mass Black Hole}",
  journal = {\apj},
   eprint = {astro-ph/0310617},
 keywords = {Accretion, Accretion Disks, Black Hole Physics, Relativity, X-Rays: Binaries},
     year = 2004,
    month = jun,
   volume = 607,
    pages = {931-938},
      doi = {10.1086/383563},
  adsnote = {Provided by the SAO/NASA Astrophysics Data System}
}




@ARTICLE{Pound:2013,
author = {{Pound}, A. and {Merlin}, C. and {Barack}, L.},
    title = "{Gravitational self-force from radiation-gauge metric perturbations}",
  journal = {ArXiv e-prints},
archivePrefix = "arXiv",
   eprint = {1310.1513},
 primaryClass = "gr-qc",
 keywords = {General Relativity and Quantum Cosmology, Astrophysics - High Energy Astrophysical Phenomena},
     year = 2013,
    month = oct,
  adsnote = {Provided by the SAO/NASA Astrophysics Data System}
}


@ARTICLE{Pan:2013,
   author = {{Pan}, Y. and {Buonanno}, A. and {Taracchini}, A. and {Boyle}, M. and 
	{Kidder}, L.~E. and {Mroue}, A.~H. and {Pfeiffer}, H.~P. and 
	{Scheel}, M.~A. and {Szilagyi}, B. and {Zenginoglu}, A.},
    title = "{Stability of nonspinning effective-one-body model in approximating two-body dynamics and gravitational-wave emission}",
  journal = {ArXiv e-prints},
archivePrefix = "arXiv",
   eprint = {1311.2565},
 primaryClass = "gr-qc",
 keywords = {General Relativity and Quantum Cosmology},
     year = 2013,
    month = nov,
  adsnote = {Provided by the SAO/NASA Astrophysics Data System}
}


@ARTICLE{LVCT,
   author = {{LIGO Scientific Collaboration} and {Virgo Collaboration} and 
	{Aasi}, J. and {Abadie}, J. and {Abbott}, B.~P. and {Abbott}, R. and 
	{Abbott}, T.~D. and {Abernathy}, M. and {Accadia}, T. and {Acernese}, F. and others},
    title = "{Prospects for Localization of Gravitational Wave Transients by the Advanced LIGO and Advanced Virgo Observatories}",
  journal = {ArXiv e-prints},
archivePrefix = "arXiv",
   eprint = {1304.0670},
 primaryClass = "gr-qc",
 keywords = {General Relativity and Quantum Cosmology, Astrophysics - High Energy Astrophysical Phenomena},
     year = 2013,
    month = apr,
  adsnote = {Provided by the SAO/NASA Astrophysics Data System}
}


@ARTICLE{Gopakumar:2002,
   author = {{Gopakumar}, A. and {Iyer}, B.~R.},
    title = "{Second post-Newtonian gravitational wave polarizations for compact binaries in elliptical orbits}",
  journal = {\prd},
   eprint = {gr-qc/0110100},
 keywords = {Post-Newtonian approximation, perturbation theory, related approximations, Gravitational waves: theory, Neutron stars, Black holes},
     year = 2002,
    month = apr,
   volume = 65,
   number = 8,
      eid = {084011},
    pages = {084011},
      doi = {10.1103/PhysRevD.65.084011},
  adsnote = {Provided by the SAO/NASA Astrophysics Data System}
}


@ARTICLE{Baker:2008,
   author = {{Baker}, J.~G. and {Boggs}, W.~D. and {Centrella}, J. and {Kelly}, B.~J. and 
	{McWilliams}, S.~T. and {van Meter}, J.~R.},
    title = "{Mergers of nonspinning black-hole binaries: Gravitational radiation characteristics}",
  journal = {\prd},
archivePrefix = "arXiv",
   eprint = {0805.1428},
 primaryClass = "gr-qc",
 keywords = {Numerical studies of black holes and black-hole binaries, Wave generation and sources, Classical black holes, Relativity and gravitation},
     year = 2008,
    month = aug,
   volume = 78,
   number = 4,
      eid = {044046},
    pages = {044046},
      doi = {10.1103/PhysRevD.78.044046},
  adsnote = {Provided by the SAO/NASA Astrophysics Data System}
}


@ARTICLE{Fujita:2012,
   author = {{Fujita}, R.},
    title = "{Gravitational Waves from a Particle in Circular Orbits around a Schwarzschild Black Hole to the 22nd Post-Newtonian Order}",
  journal = {Progress of Theoretical Physics},
archivePrefix = "arXiv",
   eprint = {1211.5535},
 primaryClass = "gr-qc",
     year = 2012,
    month = nov,
   volume = 128,
    pages = {971-992},
  adsnote = {Provided by the SAO/NASA Astrophysics Data System}
}



@ARTICLE{Isoyama:2013,
   author = {{Isoyama}, S. and {Fujita}, R. and {Sago}, N. and {Tagoshi}, H. and {Tanaka}, T.},
    title = "{Impact of the second-order self-forces on the dephasing of the gravitational waves from quasicircular extreme mass-ratio inspirals}",
  journal = {\prd},
archivePrefix = "arXiv",
   eprint = {1210.2569},
 primaryClass = "gr-qc",
 keywords = {Wave generation and sources, Post-Newtonian approximation; perturbation theory; related approximations, Gravitational-wave astrophysics, Gravitational radiation, magnetic fields, and other observations},
     year = 2013,
    month = jan,
   volume = 87,
   number = 2,
      eid = {024010},
    pages = {024010},
      doi = {10.1103/PhysRevD.87.024010},
  adsnote = {Provided by the SAO/NASA Astrophysics Data System}
}

@ARTICLE{Joguet:2002,
   author = {{Blanchet}, L. and {Faye}, G. and {Iyer}, B.~R. and {Joguet}, B.
	},
    title = "{Gravitational-wave inspiral of compact binary systems to 7/2 post-Newtonian order}",
  journal = {\prd},
   eprint = {arXiv:gr-qc/0105099},
 keywords = {Wave generation and sources, Post-Newtonian approximation; perturbation theory; related approximations, Neutron stars, Black holes},
     year = 2002,
    month = mar,
   volume = 65,
   number = 6,
      eid = {061501},
    pages = {061501},
      doi = {10.1103/PhysRevD.65.061501},
  adsnote = {Provided by the SAO/NASA Astrophysics Data System}
}


@ARTICLE{Vish:1970,
   author = {{Vishveshwara}, C.~V.},
    title = "{Scattering of Gravitational Radiation by a Schwarzschild Black-hole}",
  journal = {\nat},
     year = 1970,
    month = aug,
   volume = 227,
    pages = {936-938},
      doi = {10.1038/227936a0},
  adsnote = {Provided by the SAO/NASA Astrophysics Data System}
}

@ARTICLE{Barausse:2012,
   author = {{Barausse}, E. and {Morozova}, V. and {Rezzolla}, L.},
    title = "{On the Mass Radiated by Coalescing Black Hole Binaries}",
  journal = {\apj},
archivePrefix = "arXiv",
   eprint = {1206.3803},
 primaryClass = "gr-qc",
 keywords = {black hole physics, galaxies: nuclei, gravitational waves, gravitation},
     year = 2012,
    month = oct,
   volume = 758,
      eid = {63},
    pages = {63},
      doi = {10.1088/0004-637X/758/1/63},
  adsnote = {Provided by the SAO/NASA Astrophysics Data System}
}


@ARTICLE{Damour:2013,
   author = {{Damour}, T. and {Nagar}, A. and {Bernuzzi}, S.},
    title = "{Improved effective-one-body description of coalescing nonspinning black-hole binaries and its numerical-relativity completion}",
  journal = {\prd},
archivePrefix = "arXiv",
   eprint = {1212.4357},
 primaryClass = "gr-qc",
 keywords = {Numerical relativity, Wave generation and sources, Relativity and gravitation, Neutron stars},
     year = 2013,
    month = apr,
   volume = 87,
   number = 8,
      eid = {084035},
    pages = {084035},
      doi = {10.1103/PhysRevD.87.084035},
  adsnote = {Provided by the SAO/NASA Astrophysics Data System}
}

@ARTICLE{Wolter:2010,
   author = {{Wolter Ginevra Trinchieri}, F.~P.~A.},
    title = "{Chandra observations of the ULX N10 in the Cartwheel galaxy}",
  journal = {ArXiv e-prints},
archivePrefix = "arXiv",
   eprint = {1003.4671},
 primaryClass = "astro-ph.HE",
 keywords = {Astrophysics - High Energy Astrophysical Phenomena},
     year = 2010,
    month = mar,
  adsnote = {Provided by the SAO/NASA Astrophysics Data System}
}

@ARTICLE{Volonteri:2010,
   author = {{Volonteri}, M.},
    title = "{Formation of supermassive black holes}",
  journal = {\aapr},
archivePrefix = "arXiv",
   eprint = {1003.4404},
 primaryClass = "astro-ph.CO",
 keywords = {Black hole physics, Galaxies: formation, Cosmology: theory, Quasars, Galaxies: evolution},
     year = 2010,
    month = jul,
   volume = 18,
    pages = {279-315},
      doi = {10.1007/s00159-010-0029-x},
  adsnote = {Provided by the SAO/NASA Astrophysics Data System}
}


@ARTICLE{Coleman:2004,
   author = {{Coleman Miller}, M. and {Colbert}, E.~J.~M.},
    title = "{Intermediate-Mass Black Holes}",
  journal = {International Journal of Modern Physics D},
   eprint = {arXiv:astro-ph/0308402},
 keywords = {Black hole physics, (galaxy) globular clusters: general, gravitational waves, stellar dynamics, X-rays: binaries},
     year = 2004,
   volume = 13,
    pages = {1-64},
      doi = {10.1142/S0218271804004426},
  adsnote = {Provided by the SAO/NASA Astrophysics Data System}
}

@ARTICLE{Trenti:2006,
   author = {{Trenti}, M.},
    title = "{Dynamical evidence for intermediate mass black holes in old globular clusters}",
  journal = {ArXiv Astrophysics e-prints},
   eprint = {arXiv:astro-ph/0612040},
 keywords = {Astrophysics},
     year = 2006,
    month = dec,
  adsnote = {Provided by the SAO/NASA Astrophysics Data System}
}

@ARTICLE{Sutton:2012,
   author = {{Sutton}, A.~D. and {Roberts}, T.~P. and {Walton}, D.~J. and 
	{Gladstone}, J.~C. and {Scott}, A.~E.},
    title = "{The most extreme ultraluminous X-ray sources: evidence for intermediate-mass black holes?}",
  journal = {\mnras},
archivePrefix = "arXiv",
   eprint = {1203.4100},
 primaryClass = "astro-ph.HE",
 keywords = {accretion, accretion discs, black hole physics, X rays: binaries, X rays: galaxies},
     year = 2012,
    month = jun,
   volume = 423,
    pages = {1154-1177},
      doi = {10.1111/j.1365-2966.2012.20944.x},
  adsnote = {Provided by the SAO/NASA Astrophysics Data System}
}



@ARTICLE{Feng:2010,
   author = {{Feng}, H. and {Kaaret}, P.},
    title = "{Identification of the X-ray Thermal Dominant State in an Ultraluminous X-ray Source in M82}",
  journal = {\apjl},
archivePrefix = "arXiv",
   eprint = {1003.0283},
 primaryClass = "astro-ph.HE",
 keywords = {accretion, accretion disks, black hole physics, X-rays: binaries, X-rays: individual: CXOM82 J095550.2 + 694047 = X41.4 + 60},
     year = 2010,
    month = apr,
   volume = 712,
    pages = {L169-L173},
      doi = {10.1088/2041-8205/712/2/L169},
  adsnote = {Provided by the SAO/NASA Astrophysics Data System}
}




@ARTICLE{Kaaret:2007,
   author = {{Kaaret}, P. and {Feng}, H.},
    title = "{Confirmation of the 62 Day X-Ray Periodicity from M82}",
  journal = {\apj},
archivePrefix = "arXiv",
   eprint = {0707.2055},
 keywords = {Black Hole Physics, Galaxies: Individual: Messier Number: M82, Galaxies: Stellar Content, X-Rays: Binaries, X-Rays: Galaxies},
     year = 2007,
    month = nov,
   volume = 669,
    pages = {106-108},
      doi = {10.1086/521598},
  adsnote = {Provided by the SAO/NASA Astrophysics Data System}
}



@ARTICLE{Strohmayer:2003,
   author = {{Strohmayer}, T.~E. and {Mushotzky}, R.~F.},
    title = "{Discovery of X-Ray Quasi-periodic Oscillations from an Ultraluminous X-Ray Source in M82: Evidence against Beaming}",
  journal = {\apjl},
   eprint = {arXiv:astro-ph/0303665},
 keywords = {Black Hole Physics, Galaxies: Individual: Messier Number: M82, Galaxies: Starburst, Stars: Oscillations, X-Rays: Galaxies, X-Rays: Stars},
     year = 2003,
    month = mar,
   volume = 586,
    pages = {L61-L64},
      doi = {10.1086/374732},
  adsnote = {Provided by the SAO/NASA Astrophysics Data System}
}

@ARTICLE{Portegies:2004,
   author = {{Portegies Zwart}, S.~F. and {Baumgardt}, H. and {Hut}, P. and 
	{Makino}, J. and {McMillan}, S.~L.~W.},
    title = "{Formation of massive black holes through runaway collisions in dense young star clusters}",
  journal = {\nat},
   eprint = {arXiv:astro-ph/0402622},
     year = 2004,
    month = apr,
   volume = 428,
    pages = {724-726},
      doi = {10.1038/nature02448},
  adsnote = {Provided by the SAO/NASA Astrophysics Data System}
}



@ARTICLE{Jonker:2010,
   author = {{Jonker}, P.~G. and {Torres}, M.~A.~P. and {Fabian}, A.~C. and 
	{Heida}, M. and {Miniutti}, G. and {Pooley}, D.},
    title = "{A bright off-nuclear X-ray source: a type IIn supernova, a bright ULX or a recoiling supermassive black hole in CXOJ122518.6+144545}",
  journal = {\mnras},
archivePrefix = "arXiv",
   eprint = {1004.5379},
 primaryClass = "astro-ph.HE",
 keywords = {galaxies: individual: SDSS J122518.86+144547.7, X-rays: binaries, X-rays: individual: CXOJ122518.6+144545},
     year = 2010,
    month = sep,
   volume = 407,
    pages = {645-650},
      doi = {10.1111/j.1365-2966.2010.16943.x},
  adsnote = {Provided by the SAO/NASA Astrophysics Data System}
}



@ARTICLE{Farrel:2009,
   author = {{Farrell}, S.~A. and {Webb}, N.~A. and {Barret}, D. and {Godet}, O. and 
	{Rodrigues}, J.~M.},
    title = "{An intermediate-mass black hole of over 500 solar masses in the galaxy ESO243-49}",
  journal = {\nat},
archivePrefix = "arXiv",
   eprint = {1001.0567},
 primaryClass = "astro-ph.HE",
     year = 2009,
    month = jul,
   volume = 460,
    pages = {73-75},
      doi = {10.1038/nature08083},
  adsnote = {Provided by the SAO/NASA Astrophysics Data System}
}



@ARTICLE{Matsumoto:2001,
   author = {{Matsumoto}, H. and {Tsuru}, T.~G. and {Koyama}, K. and {Awaki}, H. and 
	{Canizares}, C.~R. and {Kawai}, N. and {Matsushita}, S. and 
	{Kawabe}, R.},
    title = "{Discovery of a Luminous, Variable, Off-Center Source in the Nucleus of M82 with the Chandra High-Resolution Camera}",
  journal = {\apjl},
   eprint = {arXiv:astro-ph/0009250},
 keywords = {Galaxies: Active, Galaxies: Individual: Messier Number: M82, Galaxies: Starburst, X-Rays: Galaxies},
     year = 2001,
    month = jan,
   volume = 547,
    pages = {L25-L28},
      doi = {10.1086/318878},
  adsnote = {Provided by the SAO/NASA Astrophysics Data System}
}



@ARTICLE{Ohsuga:2011,
   author = {{Ohsuga}, K. and {Mineshige}, S.},
    title = "{Global Structure of Three Distinct Accretion Flows and Outflows around Black Holes from Two-dimensional Radiation-magnetohydrodynamic Simulations}",
  journal = {\apj},
archivePrefix = "arXiv",
   eprint = {1105.5474},
 primaryClass = "astro-ph.HE",
 keywords = {accretion, accretion disks, black hole physics, ISM: jets and outflows, magnetohydrodynamics: MHD, radiative transfer},
     year = 2011,
    month = jul,
   volume = 736,
      eid = {2},
    pages = {2},
      doi = {10.1088/0004-637X/736/1/2},
  adsnote = {Provided by the SAO/NASA Astrophysics Data System}
}




@ARTICLE{Belczynski:2010,
   author = {{Belczynski}, K. and {Bulik}, T. and {Fryer}, C.~L. and {Ruiter}, A. and 
	{Valsecchi}, F. and {Vink}, J.~S. and {Hurley}, J.~R.},
    title = "{On the Maximum Mass of Stellar Black Holes}",
  journal = {\apj},
archivePrefix = "arXiv",
   eprint = {0904.2784},
 primaryClass = "astro-ph.SR",
 keywords = {binaries: close, black hole physics, gravitational waves, stars: evolution, stars: neutron},
     year = 2010,
    month = may,
   volume = 714,
    pages = {1217-1226},
      doi = {10.1088/0004-637X/714/2/1217},
  adsnote = {Provided by the SAO/NASA Astrophysics Data System}
}


@ARTICLE{Zampieri:2009,
   author = {{Zampieri}, L. and {Roberts}, T.~P.},
    title = "{Low-metallicity natal environments and black hole masses in ultraluminous X-ray sources}",
  journal = {\mnras},
archivePrefix = "arXiv",
   eprint = {0909.1017},
 primaryClass = "astro-ph.HE",
 keywords = {accretion, accretion discs , black hole physics , X-rays: binaries},
     year = 2009,
    month = dec,
   volume = 400,
    pages = {677-686},
      doi = {10.1111/j.1365-2966.2009.15509.x},
  adsnote = {Provided by the SAO/NASA Astrophysics Data System}
}

@ARTICLE{Schneider:2002,
   author = {{Schneider}, R. and {Ferrara}, A. and {Natarajan}, P. and {Omukai}, K.
	},
    title = "{First Stars, Very Massive Black Holes, and Metals}",
  journal = {\apj},
   eprint = {arXiv:astro-ph/0111341},
 keywords = {Black Hole Physics, Cosmology: Theory, Galaxies: Formation, Galaxies: Intergalactic Medium},
     year = 2002,
    month = may,
   volume = 571,
    pages = {30-39},
      doi = {10.1086/339917},
  adsnote = {Provided by the SAO/NASA Astrophysics Data System}
}



@ARTICLE{Yu:2002,
   author = {{Yu}, Q. and {Tremaine}, S.},
    title = "{Observational constraints on growth of massive black holes}",
  journal = {\mnras},
   eprint = {arXiv:astro-ph/0203082},
 keywords = {black hole physics, galaxies: active, galaxies: evolution, galaxies: nuclei, quasars: general, cosmology: miscellaneous},
     year = 2002,
    month = oct,
   volume = 335,
    pages = {965-976},
      doi = {10.1046/j.1365-8711.2002.05532.x},
  adsnote = {Provided by the SAO/NASA Astrophysics Data System}
}



@ARTICLE{Swartz:2011,
author = {{Swartz}, D.~A. and {Soria}, R. and {Tennant}, A.~F. and {Yukita}, M.
	},
    title = "{A Complete Sample of Ultraluminous X-ray Source Host Galaxies}",
  journal = {\apj},
archivePrefix = "arXiv",
   eprint = {1108.1372},
 primaryClass = "astro-ph.HE",
 keywords = {galaxies: general, surveys, X-rays: binaries, X-rays: galaxies, X-rays: general},
     year = 2011,
    month = nov,
   volume = 741,
      eid = {49},
    pages = {49},
      doi = {10.1088/0004-637X/741/1/49},
  adsnote = {Provided by the SAO/NASA Astrophysics Data System}
}


@INBOOK{McClintock:2006,
   author = {{McClintock}, J.~E. and {Remillard}, R.~A.},
    title = "{Black hole binaries}",
 keywords = {Black Holes, X-Ray Binaries},
booktitle = {Compact stellar X-ray sources},
     year = 2006,
    month = apr,
   editor = {{Lewin}, W.~H.~G. and {van der Klis}, M.},
    pages = {157-213},
  adsnote = {Provided by the SAO/NASA Astrophysics Data System}
}

@INBOOK{Miller:2006_BOOK,
   author = {{Miller}, J.~M.},
    title = "{Present evidence for intermediate mass black holes in ULXs and 
future prospects}",
 keywords = {Black Holes, X-Ray Binaries},
booktitle = {From X-ray Binaries to Quasars: Black Holes on All Mass Scales},
     year = 2005,
    month = jan,
   editor = {{Maccarone}, T.~J. and {Fender}, R.~P. and {Ho}, L.~C.},
    pages = {227-238},
    doi = {10.1007/1-4020-4085-7_26},
  adsnote = {Provided by the SAO/NASA Astrophysics Data System}
}

@ARTICLE{Morscher:2013,
   author = {{Morscher}, M. and {Umbreit}, S. and {Farr}, W.~M. and {Rasio}, F.~A.
	},
    title = "{Retention of Stellar-mass Black Holes in Globular Clusters}",
  journal = {\apjl},
archivePrefix = "arXiv",
   eprint = {1211.3372},
 primaryClass = "astro-ph.GA",
 keywords = {binaries: close, globular clusters: general, gravitational waves, methods: numerical, stars: kinematics and dynamics},
     year = 2013,
    month = jan,
   volume = 763,
      eid = {L15},
    pages = {L15},
      doi = {10.1088/2041-8205/763/1/L15},
  adsnote = {Provided by the SAO/NASA Astrophysics Data System}
}


@ARTICLE{Fukugita:2004,
   author = {{Fukugita}, M. and {Peebles}, P.~J.~E.},
    title = "{The Cosmic Energy Inventory}",
  journal = {\apj},
   eprint = {arXiv:astro-ph/0406095},
 keywords = {Cosmology: Miscellaneous},
     year = 2004,
    month = dec,
   volume = 616,
    pages = {643-668},
      doi = {10.1086/425155},
  adsnote = {Provided by the SAO/NASA Astrophysics Data System}
}

@ARTICLE{Merloni:2008,
   author = {{Merloni}, A. and {Heinz}, S.},
    title = "{A synthesis model for AGN evolution: supermassive black holes growth and feedback modes}",
  journal = {\mnras},
archivePrefix = "arXiv",
   eprint = {0805.2499},
 keywords = {accretion, accretion discs , black hole physics , galaxies: active , galaxies: evolution , quasars: general},
     year = 2008,
    month = aug,
   volume = 388,
    pages = {1011-1030},
      doi = {10.1111/j.1365-2966.2008.13472.x},
  adsnote = {Provided by the SAO/NASA Astrophysics Data System}
}

@ARTICLE{Detweiler:2009,
   author = {{Detweiler}, S.},
    title = "{Elementary development of the gravitational self-force}",
  journal = {ArXiv e-prints},
archivePrefix = "arXiv",
   eprint = {0908.4363},
 primaryClass = "gr-qc",
 keywords = {General Relativity and Quantum Cosmology},
     year = 2009,
    month = aug,
  adsnote = {Provided by the SAO/NASA Astrophysics Data System}
}


@ARTICLE{Detweiler:2008,
   author = {{Detweiler}, S.},
    title = "{Consequence of the gravitational self-force for circular orbits of the Schwarzschild geometry}",
  journal = {\prd},
archivePrefix = "arXiv",
   eprint = {0804.3529},
 primaryClass = "gr-qc",
 keywords = {Post-Newtonian approximation, perturbation theory, related approximations, Gravitational waves: theory, Gravitational wave detectors and experiments, Neutron stars},
     year = 2008,
    month = jun,
   volume = 77,
   number = 12,
      eid = {124026},
    pages = {124026},
      doi = {10.1103/PhysRevD.77.124026},
  adsnote = {Provided by the SAO/NASA Astrophysics Data System}
}


@ARTICLE{Detweiler:2003,
   author = {{Detweiler}, S. and {Whiting}, B.~F.},
    title = "{Self-force via a Green's function decomposition}",
  journal = {\prd},
   eprint = {gr-qc/0202086},
 keywords = {Classical general relativity, Post-Newtonian approximation, perturbation theory, related approximations, Wave generation and sources},
     year = 2003,
    month = jan,
   volume = 67,
   number = 2,
      eid = {024025},
    pages = {024025},
      doi = {10.1103/PhysRevD.67.024025},
  adsnote = {Provided by the SAO/NASA Astrophysics Data System}
}



@ARTICLE{Akcay:2012,
   author = {{Akcay}, S. and {Barack}, L. and {Damour}, T. and {Sago}, N.
	},
    title = "{Gravitational self-force and the effective-one-body formalism between the innermost stable circular orbit and the light ring}",
  journal = {\prd},
archivePrefix = "arXiv",
   eprint = {1209.0964},
 primaryClass = "gr-qc",
 keywords = {Approximation methods; equations of motion, Post-Newtonian approximation; perturbation theory; related approximations, Gravitational waves: theory, Wave generation and sources},
     year = 2012,
    month = nov,
   volume = 86,
   number = 10,
      eid = {104041},
    pages = {104041},
      doi = {10.1103/PhysRevD.86.104041},
  adsnote = {Provided by the SAO/NASA Astrophysics Data System}
}


@ARTICLE{Gopa:2004b,
   author = {{Damour}, T. and {Gopakumar}, A. and {Iyer}, B.~R.},
    title = "{Phasing of gravitational waves from inspiralling eccentric binaries}",
  journal = {\prd},
   eprint = {arXiv:gr-qc/0404128},
 keywords = {Wave generation and sources, Post-Newtonian approximation; perturbation theory; related approximations, Gravitational wave detectors and experiments, Gravitational radiation detectors; mass spectrometers; and other instrumentation and techniques},
     year = 2004,
    month = sep,
   volume = 70,
   number = 6,
      eid = {064028},
    pages = {064028},
      doi = {10.1103/PhysRevD.70.064028},
  adsnote = {Provided by the SAO/NASA Astrophysics Data System}
}

@ARTICLE{Mroue:2013,
author = {{Mroue}, A.~H. and {Scheel}, M.~A. and {Szilagyi}, B. and {Pfeiffer}, H.~P. and 
	{Boyle}, M. and {Hemberger}, D.~A. and {Kidder}, L.~E. and {Lovelace}, G. and 
	{Ossokine}, S. and {Taylor}, N.~W. and {Zenginoglu}, A. and 
	{Buchman}, L.~T. and {Chu}, T. and {Foley}, E. and {Giesler}, M. and 
	{Owen}, R. and {Teukolsky}, S.~A.},
    title = "{A catalog of 174 binary black-hole simulations for gravitational-wave astronomy}",
  journal = {ArXiv e-prints},
archivePrefix = "arXiv",
   eprint = {1304.6077},
 primaryClass = "gr-qc",
 keywords = {General Relativity and Quantum Cosmology},
     year = 2013,
    month = apr,
  adsnote = {Provided by the SAO/NASA Astrophysics Data System}
}



@ARTICLE{Huerta:2013a,
   author = {{Huerta}, E.~A. and {Brown}, D.~A.},
    title = "{Effect of eccentricity on binary neutron star searches in advanced LIGO}",
  journal = {\prd},
archivePrefix = "arXiv",
   eprint = {1301.1895},
 primaryClass = "gr-qc",
 keywords = {Gravitational waves: theory, Neutron stars, Relativity and gravitation, Post-Newtonian approximation, perturbation theory, related approximations},
     year = 2013,
    month = jun,
   volume = 87,
   number = 12,
      eid = {127501},
    pages = {127501},
      doi = {10.1103/PhysRevD.87.127501},
  adsnote = {Provided by the SAO/NASA Astrophysics Data System}
}


@ARTICLE{Huerta:2012,
   author = {{Huerta}, E.~A. and {Kumar}, P. and {Brown}, D.~A.},
    title = "{Accurate modeling of intermediate-mass-ratio inspirals: Exploring the form of the self-force in the intermediate-mass-ratio regime}",
  journal = {\prd},
archivePrefix = "arXiv",
   eprint = {1205.5562},
 primaryClass = "gr-qc",
 keywords = {Classical black holes, Post-Newtonian approximation; perturbation theory; related approximations, Wave generation and sources},
     year = 2012,
    month = jul,
   volume = 86,
   number = 2,
      eid = {024024},
    pages = {024024},
      doi = {10.1103/PhysRevD.86.024024},
  adsnote = {Provided by the SAO/NASA Astrophysics Data System}
}



@ARTICLE{Gopa:2004,
   author = {{Memmesheimer}, R.-M. and {Gopakumar}, A. and {Sch{\"a}fer}, G.
	},
    title = "{Third post-Newtonian accurate generalized quasi-Keplerian parametrization for compact binaries in eccentric orbits}",
  journal = {\prd},
   eprint = {arXiv:gr-qc/0407049},
 keywords = {Wave generation and sources, Post-Newtonian approximation; perturbation theory; related approximations, Gravitational wave detectors and experiments, Gravitational radiation detectors; mass spectrometers; and other instrumentation and techniques},
     year = 2004,
    month = nov,
   volume = 70,
   number = 10,
      eid = {104011},
    pages = {104011},
      doi = {10.1103/PhysRevD.70.104011},
  adsnote = {Provided by the SAO/NASA Astrophysics Data System}
}



@Article{TaylorT4Origin,
 author = {{Buonanno}, A. and {Chen}, Y. and {Pan}, Y. and {Tagoshi}, H. and 
	{Vallisneri}, M.},
    title = "{Detecting gravitational waves from precessing binaries of spinning compact objects. II. Search implementation for low-mass binaries}",
  journal = {\prd},
   eprint = {gr-qc/0508064},
 keywords = {Wave generation and sources, Post-Newtonian approximation, perturbation theory, related approximations, Gravitational wave detectors and experiments, Gravitational radiation detectors, mass spectrometers, and other instrumentation and techniques},
     year = 2005,
    month = oct,
   volume = 72,
   number = 8,
      eid = {084027},
    pages = {084027},
      doi = {10.1103/PhysRevD.72.084027},
  adsnote = {Provided by the SAO/NASA Astrophysics Data System}
}



@Article{NRPNComparisonBoyleetal,
      author         = "Boyle, Michael and Brown, Duncan A. and Kidder, Lawrence
                        E. and Mroue, Abdul H. and Pfeiffer, Harald P. and others",
      title          = "{High-accuracy comparison of numerical relativity
                        simulations with post-Newtonian expansions}",
      journal        = "Phys.Rev.",
      volume         = "D76",
      pages          = "124038",
      year           = "2007",
}

@Article{Blanchet:1995ez,
     author    = "Blanchet, Luc and Damour, Thibault and Iyer, Bala R. and
                  Will, Clifford M. and Wiseman, Alan. G.",
     title     = "{Gravitational radiation damping of compact binary systems
                  to second postNewtonian order}",
     journal   = "\PRL",
     volume    = "74",
     year      = "1995",
     pages     = "3515-3518",
}

@Article{Blanchet:2004ek,
     author    = "Blanchet, Luc and Damour, Thibault and Esposito-Farese,
                  Gilles and Iyer, Bala R.",
     title     = "{Gravitational radiation from inspiralling compact binaries
                  completed at  the third post-Newtonian order}",
     journal   = "\PRL",
     volume    = "93",
     year      = "2004",
     pages     = "091101",
}

@Article{Blanchet:2005a,
  title =	 {Erratum: {G}ravitational-wave inspiral of compact
                  binary systems to $7/2$ post-{N}ewtonian order
                  [{Phys. Rev. D65, 061501(R) (2002)}]},
  author =	 {Blanchet, Luc and Faye, Guillaume and Iyer, Bala
                  R. and Joguet, Benoit },
  journal =	 {\prd},
  volume =	 "71",
  pages =	 129902,
  year =	 2005,
}



@ARTICLE{mandelbns,
   author = {{Mandel}, I. and {O'Shaughnessy}, R.},
    title = "{Compact binary coalescences in the band of ground-based gravitational-wave detectors}",
  journal = {Classical and Quantum Gravity},
     year = 2010,
    month = jun,
   volume = 27,
   number = 11,
    pages = {114007},
}

@ARTICLE{grind,
   author = {{Grindlay}, J. and {Portegies Zwart}, S. and {McMillan}, S.},
    title = "{Short gamma-ray bursts from binary neutron star mergers in globular clusters}",
  journal = {Nature Physics},
   eprint = {arXiv:astro-ph/0512654},
     year = 2006,
    month = feb,
   volume = 2,
    pages = {116-119},
      doi = {10.1038/nphys214},
  adsnote = {Provided by the SAO/NASA Astrophysics Data System}
}


@ARTICLE{antonini,
   author = {{Antonini}, F. and {Perets}, H.~B.},
    title = "{Secular Evolution of Compact Binaries near Massive Black Holes: Gravitational Wave Sources and Other Exotica}",
  journal = {\apj},
     year = 2012,
    month = sep,
   volume = 757,
      eid = {27},
    pages = {27},
      doi = {10.1088/0004-637X/757/1/27},
  adsnote = {Provided by the SAO/NASA Astrophysics Data System}
}


@ARTICLE{Champion:2008,
   author = {{Champion}, D.~J. and et. al},
    title = "{An Eccentric Binary Millisecond Pulsar in the Galactic Plane}",
  journal = {Science},
archivePrefix = "arXiv",
   eprint = {0805.2396},
     year = 2008,
    month = jun,
   volume = 320,
    pages = {1309-},
      doi = {10.1126/science.1157580},
  adsnote = {Provided by the SAO/NASA Astrophysics Data System}
}

@ARTICLE{pnbuo,
   author = {{Buonanno}, A. and {Iyer}, B.~R. and {Ochsner}, E. and {Pan}, Y. and 
	{Sathyaprakash}, B.~S.},
    title = "{Comparison of post-Newtonian templates for compact binary inspiral signals in gravitational-wave detectors}",
  journal = {\prd},
     year = 2009,
    month = oct,
   volume = 80,
   number = 8,
    pages = {084043},
}


@ARTICLE{Brown:2010,
   author = {{Brown}, D.~A. and {Zimmerman}, P.~J.},
    title = "{Effect of eccentricity on searches for gravitational waves from coalescing compact binaries in ground-based detectors}",
  journal = {\prd},
     year = 2010,
    month = jan,
   volume = 81,
   number = 2,
      eid = {024007},
    pages = {024007},
      doi = {10.1103/PhysRevD.81.024007},
  adsnote = {Provided by the SAO/NASA Astrophysics Data System}
}

@ARTICLE{Piran:2006,
   author = {{Guetta}, D. and {Piran}, T.},
    title = "{The BATSE-Swift luminosity and redshift distributions of short-duration GRBs}",
  journal = {\aap},
     year = 2006,
    month = jul,
   volume = 453,
    pages = {823-828},
}

@ARTICLE{Freire:2011,
   author = {{Freire}, P.~C.~C. and et. al},
    title = "{On the nature and evolution of the unique binary pulsar J1903+0327}",
  journal = {\mnras},
archivePrefix = "arXiv",
   eprint = {1011.5809},
 primaryClass = "astro-ph.GA",
 keywords = {equation of state, binaries: spectroscopic, stars: neutron, pulsars: general, pulsars: individual: PSR J1903+0327},
     year = 2011,
    month = apr,
   volume = 412,
    pages = {2763-2780},
      doi = {10.1111/j.1365-2966.2010.18109.x},
  adsnote = {Provided by the SAO/NASA Astrophysics Data System}
}


@ARTICLE{Chaurasia:2005,
   author = {{Chaurasia}, H.~K. and {Bailes}, M.},
    title = "{On the Eccentricities and Merger Rates of Double Neutron Star Binaries and the Creation of ``Double Supernovae''}",
  journal = {\apj},
 keywords = {Stars: Binaries: Close, Stars: Pulsars: General, Waves},
     year = 2005,
    month = oct,
   volume = 632,
    pages = {1054-1059},
}



@INPROCEEDINGS{Nelemans:2003,
   author = {{Nelemans}, G.},
    title = "{Galactic Binaries as Sources of Gravitational Waves}",
 keywords = {Gravitational radiation, magnetic fields, and other observations, Cataclysmic binaries ; symbiotic stars, Stellar content and populations; morphology and overall structure},
booktitle = {The Astrophysics of Gravitational Wave Sources},
     year = 2003,
   series = {American Institute of Physics Conference Series},
   volume = 686,
   eprint = {arXiv:astro-ph/0310800},
   editor = {{Centrella}, J.~M.},
    month = oct,
    pages = {263-272},
      doi = {10.1063/1.1629441},
  adsnote = {Provided by the SAO/NASA Astrophysics Data System}
}


@ARTICLE{Dewi:2006,
   author = {{Dewi}, J.~D.~M. and {Podsiadlowski}, P. and {Sena}, A.},
    title = "{Double-core evolution and the formation of neutron star binaries with compact companions}",
  journal = {\mnras},
   eprint = {arXiv:astro-ph/0602510},
 keywords = {binaries: general , stars: evolution , stars: neutron},
     year = 2006,
    month = jun,
   volume = 368,
    pages = {1742-1748},
      doi = {10.1111/j.1365-2966.2006.10233.x},
  adsnote = {Provided by the SAO/NASA Astrophysics Data System}
}


@ARTICLE{Manchester:2005,
   author = {{Manchester}, R.~N. and {Hobbs}, G.~B. and {Teoh}, A. and {Hobbs}, M.
	},
    title = "{The Australia Telescope National Facility Pulsar Catalogue}",
  journal = {The Astronomical Journal},
  archivePrefix = "arXiv:astro-ph",
   eprint = {0412641},
 keywords = {Catalogs, Stars: Pulsars: General},
     year = 2005,
    month = apr,
   volume = 129,
    pages = {1993-2006},
      doi = {10.1086/428488},
  adsnote = {Provided by the SAO/NASA Astrophysics Data System}
}


@ARTICLE{Lorimer:2008,
   author = {{Lorimer}, D.~R.},
    title = "{Binary and Millisecond Pulsars}",
  journal = {Living Reviews in Relativity},
archivePrefix = "arXiv",
   eprint = {0811.0762},
 keywords = {pulsars},
     year = 2008,
    month = nov,
   volume = 11,
    pages = {8},
  adsnote = {Provided by the SAO/NASA Astrophysics Data System}
}

@ARTICLE{Thorsett:1999,
   author = {{Thorsett}, S.~E. and {Chakrabarty}, D.},
    title = "{Neutron Star Mass Measurements. I. Radio Pulsars}",
  journal = {\apj},
     year = 1999,
    month = feb,
   volume = 512,
    pages = {288-299},
      doi = {10.1086/306742},
  adsnote = {Provided by the SAO/NASA Astrophysics Data System}
}


@ARTICLE{defrei,
   author = {{de Freitas Pacheco}, J.~A. and {Regimbau}, T. and {Vincent}, S. and 
	{Spallicci}, A.},
    title = "{Expected Coalescence Rates of Ns-Ns Binaries for Laser Beam Interferometers}",
  journal = {International Journal of Modern Physics D},
   eprint = {arXiv:astro-ph/0510727},
 keywords = {Gravitational waves, neutron star binaries, laser interferometers},
     year = 2006,
   volume = 15,
    pages = {235-249},
      doi = {10.1142/S0218271806007699},
  adsnote = {Provided by the SAO/NASA Astrophysics Data System}
}

@ARTICLE{Bart:2005,
   author = {{Barthelmy}, S.D. and others}, 
    title = "{An origin for short {$\gamma$}-ray bursts unassociated with current star formation}",
  journal = {\nat},
     year = 2005,
   volume = 438,
    pages = {994-996},
}
@ARTICLE{Jac:2006,
   author = {{Jacoby}, B.~A. and others},
    title = "{Measurement of Orbital Decay in the Double Neutron Star Binary PSR B2127+11C}",
  journal = {\apjl},
     year = 2006,
    month = jun,
   volume = 644,
    pages = {L113-L116},
}

@ARTICLE{Berger:2005,
   author = {{Berger}, E.  and others}, 
    title = "{The afterglow and elliptical host galaxy of the short {$\gamma$}-ray burst GRB 050724}",
  journal = {\nat},
     year = 2005,
    month = dec,
   volume = 438,
    pages = {988-990},
}


@ARTICLE{Kalo:2001,
   author = {{Kalogera}, V. and {Narayan}, R. and {Spergel}, D.~N. and {Taylor}, J.~H.
	},
    title = "{The Coalescence Rate of Double Neutron Star Systems}",
  journal = {\apj},
 keywords = {Stars: Binaries: Close, Cosmology: Gravitational Lensing, Stars: Neutron},
     year = 2001,
    month = jul,
   volume = 556,
    pages = {340-356},
}


@ARTICLE{koppa,
   author = {{Kopparapu}, R.~K. and {Hanna}, C. and {Kalogera}, V. and {O'Shaughnessy}, R. and 
	{Gonz{\'a}lez}, G. and {Brady}, P.~R. and {Fairhurst}, S.},
    title = "{Host Galaxies Catalog Used in LIGO Searches for Compact Binary Coalescence Events}",
  journal = {\apj},
archivePrefix = "arXiv",
   eprint = {0706.1283},
 keywords = {Stars: Binaries: Close, Catalogs, Galaxies: Luminosity Function, Mass Function, Gravitational Waves, Stars: Neutron},
     year = 2008,
    month = mar,
   volume = 675,
    pages = {1459-1467},
      doi = {10.1086/527348},
  adsnote = {Provided by the SAO/NASA Astrophysics Data System}
}


@ARTICLE{kopara,
   author = {{O'Shaughnessy}, R. and {Kopparapu}, R.~K. and {Belczynski}, K.
	},
    title = "{Impact of star formation inhomogeneities on merger rates and interpretation of LIGO results}",
  journal = {Classical and Quantum Gravity},
archivePrefix = "arXiv",
   eprint = {0812.0591},
     year = 2012,
    month = jul,
   volume = 29,
   number = 14,
    pages = {145011},
      doi = {10.1088/0264-9381/29/14/145011},
  adsnote = {Provided by the SAO/NASA Astrophysics Data System}
}


@ARTICLE{post,
   author = {{Postnov}, K.~A. and {Kuranov}, A.~G.},
    title = "{Neutron star spin-kick velocity correlation effect on binary neutron star coalescence rates and spin-orbit misalignment of the components}",
  journal = {\mnras},
archivePrefix = "arXiv",
   eprint = {0710.4465},
 keywords = {gravitational waves , binaries: close , stars: neutron},
     year = 2008,
    month = mar,
   volume = 384,
    pages = {1393-1398},
      doi = {10.1111/j.1365-2966.2007.12635.x},
  adsnote = {Provided by the SAO/NASA Astrophysics Data System}
}

@ARTICLE{manshau,
   author = {{Mandel}, I. and {O'Shaughnessy}, R.},
    title = "{Compact binary coalescences in the band of ground-based gravitational-wave detectors}",
  journal = {Classical and Quantum Gravity},
archivePrefix = "arXiv",
   eprint = {0912.1074},
 primaryClass = "astro-ph.HE",
     year = 2010,
    month = jun,
   volume = 27,
   number = 11,
    pages = {114007},
      doi = {10.1088/0264-9381/27/11/114007},
  adsnote = {Provided by the SAO/NASA Astrophysics Data System}
}


@ARTICLE{kalokim,
   author = {{Kim}, C. and {Kalogera}, V. and {Lorimer}, D.~R.},
    title = "{Effect of PSR J0737-3039 on the DNS Merger Rate and Implications for GW Detection}",
  journal = {ArXiv Astrophysics e-prints},
   eprint = {arXiv:astro-ph/0608280},
 keywords = {Astrophysics, General Relativity and Quantum Cosmology},
     year = 2006,
    month = aug,
  adsnote = {Provided by the SAO/NASA Astrophysics Data System}
}

@ARTICLE{oshaukim,
   author = {{O'Shaughnessy}, R. and {Kim}, C. and {Kalogera}, V. and {Belczynski}, K.
	},
    title = "{Constraining Population Synthesis Models via Empirical Binary Compact Object Merger and Supernova Rates}",
  journal = {\apj},
   eprint = {arXiv:astro-ph/0610076},
 keywords = {Stars: Binaries: Close, Black Hole Physics, Stars: Evolution, Stars: Neutron},
     year = 2008,
    month = jan,
   volume = 672,
    pages = {479-488},
      doi = {10.1086/523620},
  adsnote = {Provided by the SAO/NASA Astrophysics Data System}
}


@ARTICLE{kimkalo,
   author = {{Kim}, C. and {Kalogera}, V. and {Lorimer}, D.~R.},
    title = "{The Probability Distribution of Binary Pulsar Coalescence Rates. I. Double Neutron Star Systems in the Galactic Field}",
  journal = {\apj},
   eprint = {arXiv:astro-ph/0207408},
 keywords = {Stars: Binaries: Close, Gravitational Waves, Stars: Neutron},
     year = 2003,
    month = feb,
   volume = 584,
    pages = {985-995},
      doi = {10.1086/345740},
  adsnote = {Provided by the SAO/NASA Astrophysics Data System}
}



@ARTICLE{grindlay,
   author = {{Grindlay}, J. and {Portegies Zwart}, S. and {McMillan}, S.},
    title = "{Short gamma-ray bursts from binary neutron star mergers in globular clusters}",
  journal = {Nature Physics},
     year = 2006,
    month = feb,
   volume = 2,
    pages = {116-119},
}

@ARTICLE{Lee:2010,
   author = {{Lee}, W.~H. and {Ramirez-Ruiz}, E. and {van de Ven}, G.},
    title = "{Short Gamma-ray Bursts from Dynamically Assembled Compact Binaries in Globular Clusters: Pathways, Rates, Hydrodynamics, and Cosmological Setting}",
  journal = {\apj},
     year = 2010,
    month = sep,
   volume = 720,
    pages = {953-975},
}


@ARTICLE{east:2012a,
   author = {{East}, W.~E. and {Pretorius}, F. and {Stephens}, B.~C.},
    title = "{Eccentric black hole-neutron star mergers: Effects of black hole spin and equation of state}",
  journal = {\prd},
archivePrefix = "arXiv",
   eprint = {1111.3055},
 primaryClass = "astro-ph.HE",
 keywords = {Numerical relativity},
     year = 2012,
    month = jun,
   volume = 85,
   number = 12,
      eid = {124009},
    pages = {124009},
      doi = {10.1103/PhysRevD.85.124009},
  adsnote = {Provided by the SAO/NASA Astrophysics Data System}
}

@ARTICLE{Nitz:2013mxa,
   author = {{Nitz}, A.~H. and {Lundgren}, A. and {Brown}, D.~A. and {Ochsner}, E. and others},
    title = "{Accuracy of gravitational waveform models for observing neutron-star--black-hole binaries in Advanced LIGO}",
  journal = {ArXiv e-prints},
archivePrefix = "arXiv",
   eprint = {1307.1757},
 primaryClass = "gr-qc",
 keywords = {General Relativity and Quantum Cosmology, Astrophysics - Cosmology and Extragalactic Astrophysics, Astrophysics - High Energy Astrophysical Phenomena},
     year = 2013,
    month = jul,
  adsnote = {Provided by the SAO/NASA Astrophysics Data System}
}

@ARTICLE{Prayush:2013a,
author = {{Brown}, D.~A. and {Kumar}, P. and {Nitz}, A.~H.},
    title = "{Template banks to search for low-mass binary black holes in advanced gravitational-wave detectors}",
  journal = {\prd},
archivePrefix = "arXiv",
   eprint = {1211.6184},
 primaryClass = "gr-qc",
 keywords = {Gravitational wave detectors and experiments, Post-Newtonian approximation, perturbation theory, related approximations, Wave generation and sources},
     year = 2013,
    month = apr,
   volume = 87,
   number = 8,
      eid = {082004},
    pages = {082004},
      doi = {10.1103/PhysRevD.87.082004},
  adsnote = {Provided by the SAO/NASA Astrophysics Data System}
}


@ARTICLE{east:2012,
   author = {{East}, W.~E. and {Pretorius}, F.},
    title = "{Dynamical Capture Binary Neutron Star Mergers}",
  journal = {ArXiv e-prints},
     year = 2012,
    month = aug,
  adsnote = {Provided by the SAO/NASA Astrophysics Data System}
}

@ARTICLE{ratespap,
   author = {{Abadie}, J. and others},
    title = "{TOPICAL REVIEW:  Predictions for the rates of compact binary coalescences observable by ground-based gravitational-wave detectors}",
  journal = {Classical and Quantum Gravity},
archivePrefix = "arXiv",
   eprint = {1003.2480},
 primaryClass = "astro-ph.HE",
     year = 2010,
    month = sep,
   volume = 27,
   number = 17,
    pages = {173001},
      doi = {10.1088/0264-9381/27/17/173001},
  adsnote = {Provided by the SAO/NASA Astrophysics Data System}
}


@ARTICLE{ebns,
   author = {{Phinney}, E.~S. and {Sigurdsson}, S.},
    title = "{Ejection of pulsars and binaries to the outskirts of globular clusters}",
  journal = {\nat},
 keywords = {BINARY STARS, GLOBULAR CLUSTERS, INTERACTING GALAXIES, PULSARS, MILKY WAY GALAXY, NEUTRON STARS, THREE BODY PROBLEM},
     year = 1991,
    month = jan,
   volume = 349,
    pages = {220-223},
      doi = {10.1038/349220a0},
  adsnote = {Provided by the SAO/NASA Astrophysics Data System}
}


@ARTICLE{bulic,
   author = {{Os{\l}owski}, S. and {Bulik}, T. and {Gondek-Rosi{\'n}ska}, D. and 
	{Belczy{\'n}ski}, K.},
    title = "{Population synthesis of double neutron stars}",
  journal = {\mnras},
 keywords = {binaries: general, stars: neutron, stars: statistics},
     year = 2011,
    month = may,
   volume = 413,
    pages = {461-479},
}


@ARTICLE{scasf,
   author = {{Canizares}, P. and {Sopuerta}, C.~F.},
    title = "{Tuning time-domain pseudospectral computations of the self-force on a charged scalar particle}",
  journal = {Classical and Quantum Gravity},
archivePrefix = "arXiv",
   eprint = {1101.2526},
 primaryClass = "gr-qc",
     year = 2011,
    month = jul,
   volume = 28,
   number = 13,
    pages = {134011},
      doi = {10.1088/0264-9381/28/13/134011},
  adsnote = {Provided by the SAO/NASA Astrophysics Data System}
}

@ARTICLE{ulr,
   author = {{Sperhake}, U. and {Cardoso}, V. and {Ott}, C.~D. and {Schnetter}, E. and 
	{Witek}, H.},
    title = "{Collisions of unequal mass black holes and the point particle limit}",
  journal = {\prd},
archivePrefix = "arXiv",
   eprint = {1105.5391},
 primaryClass = "gr-qc",
 keywords = {Numerical relativity, Numerical studies of black holes and black-hole binaries, Post-Newtonian approximation; perturbation theory; related approximations, Gravitational waves: theory},
     year = 2011,
    month = oct,
   volume = 84,
   number = 8,
      eid = {084038},
    pages = {084038},
      doi = {10.1103/PhysRevD.84.084038},
  adsnote = {Provided by the SAO/NASA Astrophysics Data System}
}



@misc{SRD,
    author = {LISA Collaboration},
    note = "http:$\backslash \backslash$ list.caltech.edu/doku.php?id=mission\_documents" }

@MISC{ZDHP:2010,
author = "Shoemaker, David",
year = "2010",
    title = {{Advanced LIGO anticipated sensitivity curves}},
    note =  {\url{https://dcc.ligo.org/cgi-bin/DocDB/ShowDocument?docid=2974}}
}

@BOOK{texbook,
   author = "Donald E. Knuth",
   title= "The {{\TeX}book}",
   publisher = "Addison-Wesley",
   year = 1984 }

@BOOK{latex,
   author = "Leslie Lamport",
   title = "{\LaTeX:} {A} Document Preparation System",
   publisher = "Addison-Wesley",
   year = 1986 }

% ------------------------------------------------------------------------

@BOOK{RR73,
 author={H. Radjavi and P. Rosenthal},
 title={Invariant {Subspaces}},
 publisher={Springer-Verlag},
 address={New York},
 year={1973},
}

@BOOK{Aup91,
 author={B. Aupetit},
 title={A {Primer} on {Spectral} {Theory}},
 publisher={Springer-Verlag},
 address={New York},
 year={1991},
}

@BOOK{Dou72,
 author={R. G. Douglas},
 title={Banach {Algebra} {Techniques} in {Operator} {Theory}},
 publisher={Academic Press},
 address={New York},
 year={1972},
}

@BOOK{Hal82,
 author={P. R. Halmos},
 title={A {Hilbert} {Space} {Problem} {Book}},
 edition={Second},
 publisher={Springer-Verlag},
 address={New York},
 year={1982},
}

@BOOK{Rud73,
 author={W. Rudin},
 title={Functional {Analysis}},
 publisher={McGraw-Hill},
 address={New York},
 year={1973},
}

@BOOK{Con90,
 author={J. B. Conway},
 title={A {Course} in {Functional} {Analysis}},
 edition={Second},
 publisher={Springer-Verlag},
 address={New York},
 year={1990},
}

@BOOK{Con78,
 author={J. B. Conway},
 title={Functions of {One} {Complex} {Variable}},
 publisher={Springer-Verlag},
 address={New York},
 year={1978},
}

@BOOK{KR83,
 author={R. V. Kadison and J. R. Ringrose},
 title={Fundamentals of the {Theory} of {Operator} {Algebras},
        {Part} {I}},
 publisher={Academic Press},
 address={New York},
 year={1983},
}

@BOOK{KR86,
 author={R. V. Kadison and J. R. Ringrose},
 title={Fundamentals of the {Theory} of {Operator} {Algebras},
        {Part} {II}},
 publisher={Academic Press},
 address={New York},
 year={1986},
}

@INBOOK{SFPT,
 author={N. Dunford and J. T. Schwartz},
 title={Linear {Operators},
        {Part} {I}: {General} {Theory}},
 pages={456},
 publisher={Interscience},
 address={New York},
 year={1957},
}

@BOOK{DS57,
 author={N. Dunford and J. T. Schwartz},
 title={Linear {Operators},
        {Part} {I}: {General} {Theory}},
 publisher={Interscience},
 address={New York},
 year={1957},
}

@BOOK{Gan59,
 author={F. R. Gantmacher},
 title={Applications of the {Theory} of {Matrices}},
 publisher={Interscience},
 address={New York},
 year={1959},
}

@BOOK{Pau86,
 author={Vern I. Paulsen},
 title={Completely bounded maps and dilations},
 series={Pitman Research Notes in Mathematics Series},
 volume={146},
 publisher={Longman Scientific \& Technical},
 address={Harlow UK},
 year={1986},
}

@BOOK{Dav88,
 author={Kenneth R. Davidson},
 title={Nest algebras},
 series={Pitman Research Notes in Mathematics Series},
 volume={191},
 publisher={Longman Scientific \& Technical},
 address={Harlow UK},
 year={1988},
}

@BOOK{Spi65,
 author={Michael Spivak},
 title={Calculus on {Manifolds}},
 publisher={The Benjamin/Cummings Publishing Company},
 address={New York},
 year={1965},
}

@BOOK{Dev68,
 author={Allen Devinaz},
 title={Advanced {Calculus}},
 publisher={Holt, Rinehart and Winston},
 address={New York},
 year={1968},
}

@BOOK{Gam90,
 editor={R. V. Gamkerlidze},
 title={Analysis {I}{I}: {Convex} {Analysis} and
        {Approximation} {Theory}},
 series={Encyclopaedia of Mathematical Sciences},
 volume={14},
 publisher={Springer-Verlag},
 address={New York},
 year={1990},
}

@BOOK{Hen93,
 author={Peter Henderson},
 title={Object-oriented specification and design with {C}$++$},
 publisher={McGraw-Hill},
 address={London},
 year={1993},
}

% ------------------------------------------------------------------------

@ARTICLE{aLIGO,
   author = {{Harry}, G.~M. and {LIGO Scientific Collaboration}},
    title = "{Advanced LIGO: the next generation of gravitational wave detectors}",
  journal = {\CQG},
     year = 2010,
    month = apr,
   volume = 27,
   number = 8,
    pages = {084006},
      doi = {10.1088/0264-9381/27/8/084006},
  adsnote = {Provided by the SAO/NASA Astrophysics Data System}
}



@ARTICLE{Huerta:2010,
   author = {{Huerta}, E.~A. and {Gair}, J.~R},
    title = "{On the relevance of gravitational self-force corrections on parameter estimation errors for extreme-mass-ratio inspirals}",
  journal = {ArXiv e-prints},
archivePrefix = "arXiv",
   eprint = {1009.5882},
 primaryClass = "gr-qc",
 keywords = {General Relativity and Quantum Cosmology, J.2},
     year = 2010,
    month = sep,
  adsnote = {Provided by the SAO/NASA Astrophysics Data System}
}


@ARTICLE{tara,
   author = {{Taracchini}, A. and {Pan}, Y. and {Buonanno}, A. and {Barausse}, E. and 
	{Boyle}, M. and {Chu}, T. and {Lovelace}, G. and {Pfeiffer}, H.~P. and 
	{Scheel}, M.~A.},
    title = "{A prototype effective-one-body model for non-precessing spinning inspiral-merger-ringdown waveforms}",
  journal = {ArXiv e-prints},
archivePrefix = "arXiv",
   eprint = {1202.0790},
 primaryClass = "gr-qc",
 keywords = {General Relativity and Quantum Cosmology},
     year = 2012,
    month = feb,
  adsnote = {Provided by the SAO/NASA Astrophysics Data System}
}



@ARTICLE{volon,
   author = {{Volonteri}, M. and {Madau}, P. and {Quataert}, E. and {Rees}, M.~J.
	},
    title = "{The Distribution and Cosmic Evolution of Massive Black Hole Spins}",
  journal = {\apj},
   eprint = {arXiv:astro-ph/0410342},
 keywords = {Black Hole Physics, Cosmology: Theory, Galaxies: Active, Galaxies: Nuclei, Galaxies: Quasars: General},
     year = 2005,
    month = feb,
   volume = 620,
    pages = {69-77},
      doi = {10.1086/426858},
  adsnote = {Provided by the SAO/NASA Astrophysics Data System}
}



@ARTICLE{buoerr1,
  volume = {75},
  journal = {\prd},
  author = {Blanchet, Luc and Buonanno, Alessandra and Faye, Guillaume},
  month = {Feb},
  doi = {10.1103/PhysRevD.75.049903},
  year = {2007},
  title = {Erratum: Higher-order spin effects in the dynamics of compact binaries. II. Radiation field [Phys. Rev. D 74, 104034 (2006)]},
  issue = {4},
  publisher = {American Physical Society},
  numpages = {2},
  pages = {049903}
}

@ARTICLE{buoerr2,
  volume = {81},
  journal = {Phys. Rev. D},
  month = {Apr},
  numpages = {2},
  author = {Blanchet, Luc and Buonanno, Alessandra and Faye, Guillaume},
  title = {Erratum: Higher-order spin effects in the dynamics of compact binaries. II. Radiation field [Phys. Rev. D 74, 104034 (2006)]},
  year = {2010},
  doi = {10.1103/PhysRevD.81.089901},
  issue = {8},
  publisher = {American Physical Society},
  pages = {089901}
}


@ARTICLE{LeTiec:2012,
   author = {{Le Tiec}, A. and {Barausse}, E. and {Buonanno}, A.},
    title = "{Gravitational Self-Force Correction to the Binding Energy of Compact Binary Systems}",
  journal = {\PRL},
archivePrefix = "arXiv",
   eprint = {1111.5609},
 primaryClass = "gr-qc",
 keywords = {Numerical studies of black holes and black-hole binaries, Post-Newtonian approximation; perturbation theory; related approximations, Black holes},
     year = 2012,
    month = mar,
   volume = 108,
   number = 13,
      eid = {131103},
    pages = {131103},
      doi = {10.1103/PhysRevLett.108.131103},
  adsnote = {Provided by the SAO/NASA Astrophysics Data System}
}

@ARTICLE{barus,
author = {{Barausse}, E. and {Buonanno}, A. and {Le Tiec}, A.},
    title = "{Complete nonspinning effective-one-body metric at linear order in the mass ratio}",
  journal = {\prd},
archivePrefix = "arXiv",
   eprint = {1111.5610},
 primaryClass = "gr-qc",
 keywords = {Numerical relativity, Numerical studies of black holes and black-hole binaries, Post-Newtonian approximation, perturbation theory, related approximations, Gravitational waves: theory},
     year = 2012,
    month = mar,
   volume = 85,
   number = 6,
      eid = {064010},
    pages = {064010},
      doi = {10.1103/PhysRevD.85.064010},
  adsnote = {Provided by the SAO/NASA Astrophysics Data System}
}




@ARTICLE{wargar,
   author = {{Warburton}, N. and {Akcay}, S. and {Barack}, L. and {Gair}, J.~R. and 
	{Sago}, N.},
    title = "{Evolution of inspiral orbits around a Schwarzschild black hole}",
  journal = {\prd},
archivePrefix = "arXiv",
   eprint = {1111.6908},
 primaryClass = "gr-qc",
 keywords = {Numerical studies of black holes and black-hole binaries, Post-Newtonian approximation, perturbation theory, related approximations, Black holes},
     year = 2012,
    month = mar,
   volume = 85,
   number = 6,
      eid = {061501},
    pages = {061501},
      doi = {10.1103/PhysRevD.85.061501},
  adsnote = {Provided by the SAO/NASA Astrophysics Data System}
}


@ARTICLE{tama,
   author = {{Ando}, M. and {the TAMA Collaboration}},
    title = "{Current status of the TAMA300 gravitational-wave detector}",
  journal = {Classical and Quantum Gravity},
     year = 2005,
    month = sep,
   volume = 22,
    pages = {881-+},
      doi = {10.1088/0264-9381/22/18/S02},
  adsnote = {Provided by the SAO/NASA Astrophysics Data System}
}



@ARTICLE{Rea85,
 author={C. J. Read},
 title={A solution to the invariant subspace problem on the space $l_1$},
 journal={Bull. London Math. Soc.},
 volume={17},
 year={1985},
 pages={305-317},
}

@ARTICLE{Enf87,
 author={P. Enflo},
 title={On the invariant subspaces problem for {Banach} spaces},
 journal={Acta. Math.},
 note={Seminare Maurey-Schwartz (1975-1976)},
 volume={158},
 year={1987},
 pages={213-313},
}

@ARTICLE{Dau75,
 author={J. Daughtry},
 title={An invariant subspace theorem},
 journal={Proc. Amer. Math. Soc.},
 volume={49},
 year={1975},
 pages={267-268},
}

@ARTICLE{KPS75,
 author={H. W. Kim and C. Pearcy and A. L. Shields},
 title={Rank-One Commutators and Hyperinvariant Subspaces},
 journal={Michigan Math. J.},
 volume={22},
 number={3},
 year={1975},
 pages={193-194},
}

% --------------------------------------------------------------------------

@ARTICLE{Rad87,
 author={H. Radjavi},
 title={The {Engel}-{Jacobson} {Theorem} {Revisited}},
 journal={J. Alg.},
 volume={111},
 year={1987},
 pages={427-430},
}

@ARTICLE{MOR91,
 author={B. Mathes and M. Omladi\v{c} and H. Radjavi},
 title={Linear {Spaces} of {Nilpotent} {Operators}},
 journal={Linear Algebra Appl.},
 volume={149},
 year={1991},
 pages={215-225},
}

@ARTICLE{Lom73,
 author={V. I. Lomonosov},
 title={Invariant subspaces for operators commuting with compact
        operators},
 journal={Functional Anal. Appl.},
 volume=7,
 year=1973,
 pages="213-214",
}

@ARTICLE{Lom91,
 author={V. I. Lomonosov},
 title={An extension of {Burnside}'s theorem to infinite
        dimensional spaces},
 journal={Israel J. Math},
 volume=75,
 year=1991,
 pages="329-339",
}

@ARTICLE{Lom92,
 author={V. I. Lomonosov},
 title={On {Real} {Invariant} {Subspaces} of {Bounded} {Operators} with
       {Compact} {Imaginary} {Part}},
 journal={Proc. Amer. Math. Soc.},
 volume=115,
 number=3,
 month=jul,
 year=1992,
 pages="775-777",
}

@ARTICLE{dB59,
 author={L. de Branges},
 title={The {Stone}-{Weierstrass} {Theorem}},
 journal={Proc. Amer. Math. Soc.},
 volume=10,
 year=1959,
 pages="822-824",
}

@ARTICLE{dB93,
 author={L. de Branges},
 title={A construction of invariant subspaces},
 journal={Math. Nachr.},
 volume=163,
 year=1993,
 pages="163-175",
}

@ARTICLE{AAB95,
 author={Y. A. Abramovich and C. D. Aliprantis and O. Burkinshaw},
 title={Another Characterization of the Invariant Subspace Problem},
 journal={Operator Theory in Function Spaces and Banach Lattices.
          {\em The A.C.\,Zaanen Anniversary Volume},
          Operator Theory: Advances and Applications},
 volume={75},
 year={1995},
 pages={15-31},
 note={Birkh\"auser Verlag},
}

@ARTICLE{LM65,
 author={Ju. I. Ljubi\v{c} and V. I. Macaev},
 title={On Operators with a Separable Spectrum},
 journal={Amer. Math. Soc. Transl. (2)},
 volume={47},
 year={1965},
 pages={89-129},
}

% ------------------------------------------------------------------------

@MASTERSTHESIS{Sim90,
 author={A. Simoni\v{c}},
 title={Grupe Operatorjev s Pozitivnim Spektrom},
 school={Univerza v Ljubljani, FNT, Oddelek za Matematiko},
 year={1990},
}

@UNPUBLISHED{Sim91,
 author={A. Simoni\v{c}},
 title={Notes on {Subharmonic} {Functions}},
 note={Lecture Notes, Dalhousie University,
       Department of Mathematics, Statistics, \& Computing Science},
 year={1991},
}

@ARTICLE{Sim92,
 author={A. Simoni\v{c}},
 title={Matrix {Groups} with {Positive} {Spectra}},
 journal={Linear Algebra Appl.},
 volume={173},
 year={1992},
 pages={57-76},
}

@PHDTHESIS{Sim94,
 author={A. Simoni\v{c}},
 title={An {Extension} of {Lomonosov's} {Techniques} to {Non}-{Compact}
       {Operators}},
 school={Dalhousie University,
         Department of Mathematics, Statistics, \& Computing Science},
 year={1994},
}

@ARTICLE{Sim96a,
 author={A. Simoni\v{c}},
 title={A {Construction} of {Lomonosov} {Functions} and
       {Applications} to the {Invariant} {Subspace} {Problem}},
 journal={Pacific J. Math.},
 volume={175},
 pages={257-270},
 year={1996},
}

@ARTICLE{Sim96b,
 author={A. Simoni\v{c}},
 title={An extension of {Lomonosov's} {Techniques} to non-compact
       {Operators}},
 journal={Trans. Amer. Math. Soc.},
 volume={348},
 pages={975-995},
 year={1996},
}

\def\PRD{{\it Phys. Rev.} D~}
\def\PRL{{\it Phys.Rev.} Lett~}
\def\apjl{{\it Astrophys. J.} Lett~}
\def\Msun{M_\odot}
\def\PR{{\it Phys. Rev.}}
\def\CQG{{\it Class. Quantum Grav.}}
\def\pasj{{\it PASJ }}
\def\aaps{{\it A\&AS~ }}
\def\nat{{\it Nature }}
\def\apj{{\it Astrophys. J.}}

@ARTICLE{pmdamour,
   author = {{Blanchet}, L. and {Damour}, T.},
    title = "{The post-Minkowskian iteration method and the structure of radiative gravitational fields}",
  journal = {Academie des Science Paris Comptes Rendus Serie B Sciences Physiques},
 keywords = {EINSTEIN EQUATIONS, FIELD THEORY (PHYSICS), GRAVITATION THEORY, ITERATIVE SOLUTION, RELATIVISTIC THEORY, INFINITY, POWER SERIES, SPACE-TIME 
FUNCTIONS},
     year = 1984,
    month = mar,
   volume = 298,
    pages = {431-434},
  adsnote = {Provided by the SAO/NASA Astrophysics Data System}
}

@ARTICLE{enrosen,
   author = {{Einstein}, A. and {Rosen}, N.},
    title = "{On Gravitational Waves}",
  journal = {Journal of The Franklin Institute},
     year = 1937,
    month = jan,
   volume = 223,
    pages = {43-54},
      doi = {10.1016/S0016-0032(37)90583-0},
  adsnote = {Provided by the SAO/NASA Astrophysics Data System}
}


@ARTICLE{bpr,
   author = {{Bondi}, H. and {Pirani}, F.~A.~E. and {Robinson}, I.},
    title = "{Gravitational Waves in General Relativity. III. Exact Plane Waves}",
  journal = {Royal Society of London Proceedings Series A},
     year = 1959,
    month = jun,
   volume = 251,
    pages = {519-533},
      doi = {10.1098/rspa.1959.0124},
  adsnote = {Provided by the SAO/NASA Astrophysics Data System}
}

@Article{opensny,
  title = {On Continued Gravitational Contraction},
  author = {Oppenheimer, J. R. and Snyder, H. },
  journal = {Phys. Rev.},
  volume = {56},
  number = {5},
  pages = {455--459},
  numpages = {4},
  year = {1939},
  month = {Sep},
  doi = {10.1103/PhysRev.56.455},
  publisher = {American Physical Society}
}



@ARTICLE{bonener,
   author = {{Bondi}, H. and {van der Burg}, M.~G.~J. and {Metzner}, A.~W.~K.
	},
    title = "{Gravitational Waves in General Relativity. VII. Waves from Axi-Symmetric Isolated Systems}",
  journal = {Royal Society of London Proceedings Series A},
     year = 1962,
    month = aug,
   volume = 269,
    pages = {21-52},
      doi = {10.1098/rspa.1962.0161},
  adsnote = {Provided by the SAO/NASA Astrophysics Data System}
}

@ARTICLE{esposito,
   author = {{Chandrasekhar}, S. and {Esposito}, F.~P.},
    title = "{The 2-1/2 POST-NEWTONIAN Equations of Hydrodynamics and Radiation Reaction in General Relativity}",
  journal = {\apj},
     year = 1970,
    month = apr,
   volume = 160,
    pages = {153-+},
      doi = {10.1086/150414},
  adsnote = {Provided by the SAO/NASA Astrophysics Data System}
}



@ARTICLE{eih,
   author = {{Einstein}, A. and {Infeld}, L. and {Hoffmann}, B.},
    title = "{The Gravitational Equations and the Problem of Motion}",
  journal = {The Annals of Mathematics},
     year = 1938,
   volume = 39,
    pages = {65-100},
  adsnote = {Provided by the SAO/NASA Astrophysics Data System}
}


@ARTICLE{MMT,
   author = {{Mino}, Y. and {Sasaki}, M. and {Tanaka}, T.},
    title = "{Chapter 7. Gravitational Radiation Reaction}",
  journal = {Progress of Theoretical Physics Supplement},
   eprint = {arXiv:gr-qc/9712056},
     year = 1997,
   volume = 128,
    pages = {373-406},
      doi = {10.1143/PTPS.128.373},
  adsnote = {Provided by the SAO/NASA Astrophysics Data System}
}

@ARTICLE{grallaI,
   author = {{Gralla}, S.~E. and {Wald}, R.~M.},
    title = "{A rigorous derivation of gravitational self-force}",
  journal = {Classical and Quantum Gravity},
archivePrefix = "arXiv",
   eprint = {0806.3293},
 primaryClass = "gr-qc",
     year = 2008,
    month = oct,
   volume = 25,
   number = 20,
    pages = {205009},
      doi = {10.1088/0264-9381/25/20/205009},
  adsnote = {Provided by the SAO/NASA Astrophysics Data System}
}

@ARTICLE{grallaII,
   author = {{Gralla}, S.~E. and {Wald}, R.~M.},
    title = "{Derivation of Gravitational Self-Force}",
  journal = {ArXiv e-prints},
archivePrefix = "arXiv",
   eprint = {0907.0414},
 primaryClass = "gr-qc",
 keywords = {General Relativity and Quantum Cosmology},
     year = 2009,
    month = jul,
  adsnote = {Provided by the SAO/NASA Astrophysics Data System}
}

@ARTICLE{higherspin,
   author = {{Huerta}, E.~A. and {Gair}, J.~R. and {Brown}, D.~A.},
    title = "{Importance of including small body spin effects in the modelling of intermediate mass-ratio inspirals. II. Accurate parameter extraction of strong sources using higher-order spin effects}",
  journal = {\prd},
archivePrefix = "arXiv",
   eprint = {1111.3243},
 primaryClass = "gr-qc",
 keywords = {Wave generation and sources, Post-Newtonian approximation; perturbation theory; related approximations, Classical black holes},
     year = 2012,
    month = mar,
   volume = 85,
   number = 6,
      eid = {064023},
    pages = {064023},
      doi = {10.1103/PhysRevD.85.064023},
  adsnote = {Provided by the SAO/NASA Astrophysics Data System}
}



@ARTICLE{qwald,
   author = {{Quinn}, T.~C. and {Wald}, R.~M.},
    title = "{Axiomatic approach to electromagnetic and gravitational radiation reaction of particles in curved spacetime}",
  journal = {\PRD},
   eprint = {arXiv:gr-qc/9610053},
 keywords = {Approximation methods; equations of motion, Gravitational waves: theory},
     year = 1997,
    month = sep,
   volume = 56,
    pages = {3381-3394},
      doi = {10.1103/PhysRevD.56.3381},
  adsnote = {Provided by the SAO/NASA Astrophysics Data System}
}


@ARTICLE{KI,
   author = {{Thorne}, K.~S. and {Kovacs}, S.~J.},
    title = "{The generation of gravitational waves. I - Weak-field sources}",
  journal = {\apj},
 keywords = {ALGORITHMS, ASTROPHYSICS, FIELD THEORY (PHYSICS), GRAVITATIONAL WAVES, RADIATION SOURCES, RELATIVITY, EINSTEIN EQUATIONS, GRAVITATIONAL FIELDS, 
GREEN'S FUNCTIONS, MAGNETIC MOMENTS, OPERATORS (MATHEMATICS), QUADRUPOLES, TIME DEPENDENCE, WAVE GENERATION},
     year = 1975,
    month = sep,
   volume = 200,
    pages = {245-262},
      doi = {10.1086/153783},
  adsnote = {Provided by the SAO/NASA Astrophysics Data System}
}


@ARTICLE{KII,
   author = {{Kovacs}, S.~J. and {Thorne}, K.~S.},
    title = "{The generation of gravitational waves. III - Derivation of bremsstrahlung formulae}",
  journal = {\apj},
 keywords = {BREMSSTRAHLUNG, CELESTIAL MECHANICS, COLLISION PARAMETERS, FIELD THEORY (PHYSICS), GRAVITATIONAL WAVES, STELLAR MOTIONS, GRAVITATIONAL FIELDS, 
INTEGRAL EQUATIONS, RADIATION DISTRIBUTION, RELATIVISTIC VELOCITY, SPACE-TIME FUNCTIONS, TENSOR ANALYSIS, TRAJECTORY ANALYSIS},
     year = 1977,
    month = oct,
   volume = 217,
    pages = {252-280},
      doi = {10.1086/155576},
  adsnote = {Provided by the SAO/NASA Astrophysics Data System}
}


@ARTICLE{KIII,
   author = {{Kovacs}, Jr., S.~J. and {Thorne}, K.~S.},
    title = "{The generation of gravitational waves. IV - Bremsstrahlung}",
  journal = {\apj},
 keywords = {BREMSSTRAHLUNG, GRAVITATIONAL WAVES, RELATIVITY, WAVE GENERATION, PERTURBATION THEORY, PLANE WAVES, QUADRUPOLES, SCHWARZSCHILD METRIC, 
WAVEFORMS},
     year = 1978,
    month = aug,
   volume = 224,
    pages = {62-85},
      doi = {10.1086/156350},
  adsnote = {Provided by the SAO/NASA Astrophysics Data System}
}




@ARTICLE{hewbell,
   author = {{Hewish}, A. and {Bell}, S.~J. and {Pilkington}, J.~D.~H. and 
	{Scott}, P.~F. and {Collins}, R.~A.},
    title = "{Observation of a Rapidly Pulsating Radio Source}",
  journal = {\nat},
     year = 1968,
    month = feb,
   volume = 217,
    pages = {709-713},
      doi = {10.1038/217709a0},
  adsnote = {Provided by the SAO/NASA Astrophysics Data System}
}



@ARTICLE{quasars,
   author = {{Matthews}, T.~A. and {Sandage}, A.~R.},
    title = "{Optical Identification of 3c 48, 3c 196, and 3c 286 with Stellar Objects.}",
  journal = {\apj},
     year = 1963,
    month = jul,
   volume = 138,
    pages = {30-+},
      doi = {10.1086/147615},
  adsnote = {Provided by the SAO/NASA Astrophysics Data System}
}

@ARTICLE{lynden,
   author = {{Lynden-Bell}, D.},
    title = "{Galactic Nuclei as Collapsed Old Quasars}",
  journal = {\nat},
     year = 1969,
    month = aug,
   volume = 223,
    pages = {690-694},
      doi = {10.1038/223690a0},
  adsnote = {Provided by the SAO/NASA Astrophysics Data System}
}



@ARTICLE{kerr,
   author = {{Kerr}, R.~P.},
    title = "{Gravitational Field of a Spinning Mass as an Example of Algebraically Special Metrics}",
  journal = {Physical Review Letters},
     year = 1963,
    month = sep,
   volume = 11,
    pages = {237-238},
      doi = {10.1103/PhysRevLett.11.237},
  adsnote = {Provided by the SAO/NASA Astrophysics Data System}
}



@ARTICLE{punturoet,
   author = {{Punturo}, M. and others},
    title = "{The third generation of gravitational wave observatories and their science reach}",
  journal = {Classical and Quantum Gravity},
     year = 2010,
    month = apr,
   volume = 27,
   number = 8,
    pages = {084007-+},
      doi = {10.1088/0264-9381/27/8/084007},
  adsnote = {Provided by the SAO/NASA Astrophysics Data System}
}

@ARTICLE{Freise:2009,
   author = {{Freise}, A. and {Chelkowski}, S. and {Hild}, S. and {Del Pozzo}, W. and
        {Perreca}, A. and {Vecchio}, A.},
    title = "{Triple Michelson interferometer for a third-generation gravitational wave detector}",
  journal = {\CQG},
archivePrefix = "arXiv",
   eprint = {0804.1036},
     year = 2009,
    month = apr,
   volume = 26,
   number = 8,
    pages = {085012-+},
      doi = {10.1088/0264-9381/26/8/085012},
  adsnote = {Provided by the SAO/NASA Astrophysics Data System}
}

@ARTICLE{Hild:2009,
   author = {{Hild}, S. and {Chelkowski}, S. and {Freise}, A. and {Franc}, J. and
        {Morgado}, N. and {Flaminio}, R. and {DeSalvo}, R.},
    title = "{A Xylophone Configuration for a third Generation Gravitational Wave Detector}",
  journal = {ArXiv e-prints},
archivePrefix = "arXiv",
   eprint = {0906.2655},
   note = {0906.2655},
 keywords = {General Relativity and Quantum Cosmology},
     year = 2009,
    month = jun,
  adsnote = {Provided by the SAO/NASA Astrophysics Data System}
}

@ARTICLE{Hild:2008,
   author = {{Hild}, S. and {Chelkowski}, S. and {Freise}, A.},
    title = "{Pushing towards the ET sensitivity using 'conventional' technology}",
  journal = {ArXiv e-prints},
archivePrefix = "arXiv",
   eprint = {0810.0604},
   note = {0810.0604},
 keywords = {General Relativity and Quantum Cosmology},
     year = 2008,
    month = oct,
   adsurl = {http://adsabs.harvard.edu/abs/2008arXiv0810.0604H},
  adsnote = {Provided by the SAO/NASA Astrophysics Data System}
}

@BOOK{chandra,
   author = {{Chandrasekhar}, S.},
    title = "{\textit{The mathematical theory of black holes}}",
 keywords = {ANALYSIS (MATHEMATICS), BLACK HOLES (ASTRONOMY), DIFFERENTIAL GEOMETRY, SPACE-TIME FUNCTIONS, DIRAC EQUATION, EINSTEIN EQUATIONS, ELECTROMAGNETIC 
RADIATION, FIELD THEORY (PHYSICS), GAUGE THEORY, GEODESIC LINES, GRAVITATIONAL EFFECTS, KERR EFFECTS, LIE GROUPS, MAXWELL EQUATION, PARTICLE SPIN, PARTICLE 
THEORY, PERTURBATION THEORY, REISSNER-NORDSTROM SOLUTION, RIEMANN MANIFOLD, SCHWARZSCHILD METRIC, TENSOR ANALYSIS},
publisher = {Research supported by NSF.~Oxford/New York, Clarendon Press/Oxford University Press (International Series of Monographs on Physics.~Volume 69), 
1983, 663 p.},
     year = 1983,
     adsnote = {Provided by the SAO/NASA Astrophysics Data System}
}



@BOOK{weyl,
   author = {{Weyl}, Hermann },
    title = "{\textit{Raum, Zeit, Materie}}",
publisher = {Translation by Henry L. Brose as \textit{Space, Time, Matter} (Metheun, London, 1922). 4th ed. Springer, Berlin },
     year = 1921,
}




@ARTICLE{kludge,
   author = {{Babak}, S. and {Fang}, H. and {Gair}, J.~R. and {Glampedakis}, K. and 
	{Hughes}, S.~A.},
    title = "{`\textit{`Kludge'' gravitational waveforms for a test-body orbiting a Kerr black hole}}",
  journal = {\PRD},
   eprint = {arXiv:gr-qc/0607007},
     year = 2007,
    month = jan,
   volume = 75,
   number = 2,
    pages = {024005-+},
      doi = {10.1103/PhysRevD.75.024005},
     adsnote = {Provided by the SAO/NASA Astrophysics Data System}
}

@ARTICLE{improved,
   author = {{Gair}, J.~R. and {Glampedakis}, K.},
    title = "{\textit{Improved approximate inspirals of test bodies into Kerr black holes}}",
  journal = {\PRD},
   eprint = {arXiv:gr-qc/0510129},
     year = 2006,
    month = mar,
   volume = 73,
   number = 6,
    pages = {064037-+},
      doi = {10.1103/PhysRevD.73.064037},
   adsnote = {Provided by the SAO/NASA Astrophysics Data System}
}

@ARTICLE{tagoshi,
   author = {{Tagoshi}, H.},
    title = "{\textit{Post-Newtonian Expansion of Gravitational Waves from a Particle in Slightly Eccentric Orbit around a Rotating Black Hole}}",
  journal = {PTP},
     year = 1995,
    month = feb,
   volume = 93,
    pages = {307-333},
    adsnote = {Provided by the SAO/NASA Astrophysics Data System}
}

@ARTICLE{blanchet,
   author = {{Blanchet}, L. and {Damour}, T. and {Iyer}, B.~R. and {Will}, C.~M. and 
	{Wiseman}, A.~G.},
    title = "{\textit{Gravitational-Radiation Damping of Compact Binary Systems to Second Post-Newtonian Order}}",
  journal = {\PRL},
   eprint = {arXiv:gr-qc/9501027},
     year = 1995,
    month = may,
   volume = 74,
    pages = {3515-3518},
     adsnote = {Provided by the SAO/NASA Astrophysics Data System}
}

@ARTICLE{tanaka,
   author = {{Tanaka}, T. and {Mino}, Y. and {Sasaki}, M. and {Shibata}, M.
	},
    title = "{\textit{Gravitational waves from a spinning particle in circular orbits around a rotating black hole}}",
  journal = {\PRD},
   eprint = {arXiv:gr-qc/9602038},
     year = 1996,
    month = sep,
   volume = 54,
    pages = {3762-3777},
   adsnote = {Provided by the SAO/NASA Astrophysics Data System}
}


@ARTICLE{det,
   author = {{Detweiler}, Steven.},
    title = "{\textit{A consequence of the gravitational self--force for circular orbits of the Schwarzschild geometry}}",
     eprint = {arXiv:gr-qc/0804.3529},
     year = 2008,
    month = apr,
    adsnote = {Provided by the SAO/NASA Astrophysics Data System}
}

@ARTICLE{cutler,
   author = {{Barack}, L. and {Cutler}, C.},
    title = "{\textit{LISA capture sources: Approximate waveforms, signal-to-noise ratios, and parameter estimation accuracy}}",
  journal = {\PRD},
   eprint = {arXiv:gr-qc/0310125},
     year = 2004,
    month = apr,
   volume = 69,
   number = 8,
    pages = {082005-+},
      doi = {10.1103/PhysRevD.69.082005},
     adsnote = {Provided by the SAO/NASA Astrophysics Data System}
}


@ARTICLE{cutlerold,
   author = {{Cutler}, C.},
    title = "{\textit{Angular resolution of the LISA gravitational wave detector}}",
  journal = {\PRD},
   eprint = {arXiv:gr-qc/9703068},
     year = 1998,
    month = jun,
   volume = 57,
    pages = {7089-7102},
     adsnote = {Provided by the SAO/NASA Astrophysics Data System}
}

@ARTICLE{GairL:2013,
   author = {{Gair}, J.~R. and {Vallisneri}, M. and {Larson}, S.~L. and {Baker}, J.~G.
	},
    title = "{Testing General Relativity with Low-Frequency, Space-Based Gravitational-Wave Detectors}",
  journal = {Living Reviews in Relativity},
archivePrefix = "arXiv",
   eprint = {1212.5575},
 primaryClass = "gr-qc",
 keywords = {General Relativity and Quantum Cosmology, data analysis, black holes, general relativity, gravitation, eLISA, LISA, gravitational waves  },
     year = 2013,
    month = sep,
   volume = 16,
    pages = {7},
  adsnote = {Provided by the SAO/NASA Astrophysics Data System}
}


@ARTICLE{sago,
   author = {{Barack}, L. and {Sago}, N.},
    title = "{\textit{Gravitational self-force on a particle in circular orbit around a Schwarzschild black hole}}",
  journal = {\PRD},
     year = 2007,
    month = mar,
   volume = 75,
   number = 6,
    pages = {064021-+},
      doi = {10.1103/PhysRevD.75.064021},
     adsnote = {Provided by the SAO/NASA Astrophysics Data System}
}


@ARTICLE{peters,
   author = {{Peters}, P.~C. and {Mathews}, J.},
    title = "{\textit{Gravitational Radiation from Point Masses in a Keplerian Orbit}}",
  journal = {\PRD },
     year = 1963,
    month = jul,
   volume = 131,
    pages = {435-440},
      doi = {10.1103/PhysRev.131.435},
    adsnote = {Provided by the SAO/NASA Astrophysics Data System}
}

@ARTICLE{vallisneri,
   author = {{Cutler}, C. and {Vallisneri}, M.},
    title = "{\textit{LISA detections of massive black hole inspirals: Parameter extraction errors due to inaccurate template waveforms}}",
  journal = {\PRD},
   eprint = {arXiv:0707.2982},
     year = 2007,
    month = nov,
   volume = 76,
   number = 10,
    pages = {104018-+},
      doi = {10.1103/PhysRevD.76.104018},
    adsnote = {Provided by the SAO/NASA Astrophysics Data System}
}

 @ARTICLE{thorne,
   author = {{Finn}, L.~S. and {Thorne}, K.~S.},
    title = "{\textit{Gravitational waves from a compact star in a circular, inspiral orbit, in the equatorial plane of a massive, spinning black hole, as 
observed by             LISA}}",
  journal = {\PRD},
   eprint = {arXiv:gr-qc/0007074},
     year = 2000,
    month = dec,
   volume = 62,
   number = 12,
    pages = {124021-+},
    adsnote = {Provided by the SAO/NASA Astrophysics Data System}
}

@BOOK{noise,
   author = {{Danzmann}, K. and others},
    title = "{\textit{LISA- Laser Interferometer Space Antenna for the detection and observation of gravitational waves, Pre-Phase A Report}}",
   publisher =  {Max-Planck-Institut f\"{u}r Quantenoptik},     
   year = {1998},
   edition= {2nd}
}


@ARTICLE{mino,
   author = {{Mino}, Y. and {Sasaki}, M. and {Tanaka}, T.},
    title = "{\textit{Gravitational radiation reaction to a particle motion}}",
  journal = {\PRD},
   eprint = {arXiv:gr-qc/9606018},
     year = 1997,
    month = mar,
   volume = 55,
    pages = {3457-3476},
  adsnote = {Provided by the SAO/NASA Astrophysics Data System}
}




@BOOK{maggiore,
   author = "Michele Maggiore",
   title= "\textit{Gravitational Waves}",
   publisher = "OXFORD",
   year = 2008
   }


@ARTICLE{sr,
   author = {{Einstein}, A.},
    title = "{\textit{Zur Elektrodynamik bewegter K{\"o}rper}}",
  journal = {Annalen der Physik},
     year = 1905,
   volume = 322,
    pages = {891-921},
      doi = {10.1002/andp.19053221004},
     adsnote = {Provided by the SAO/NASA Astrophysics Data System}
}

@ARTICLE{gr,
   author = {{Einstein}, A.},
    title = "{\textit{Die Feldgleichungen der Gravitation}}",
  journal = {K{\"o}niglich Preussische Akademie der Wissenschaften Zu Berlin, Sitzungberichte},
     year = 1915,
   volume = 1915,
    pages = {844-847},
      doi = {10.1002/andp.19163540702},
    adsnote = {Provided by the SAO/NASA Astrophysics Data System}
}

@ARTICLE{linear,
   author = {{Einstein}, A.},
    title = "{\textit{N{\"a}herungsweise Integration der Feldgleichungen der Gravitation}}",
  journal = {K{\"o}niglich Preussische Akademie der Wissenschaften Zu Berlin, Sitzungberichte},
     year = 1916,
   volume = 1916,
    pages = {688-696},
      doi = {10.1002/andp.19163540702},
    adsnote = {Provided by the SAO/NASA Astrophysics Data System}
}

@ARTICLE{quadrupole,
   author = {{Einstein}, A.},
    title = "{\textit{{\"U}ber Gravitationswellen}}",
  journal = {K{\"o}niglich Preussische Akademie der Wissenschaften Zu Berlin, Sitzungberichte},
     year = 1918,
   volume = 1918,
    pages = {154-157},
      doi = {10.1002/andp.19163540702},
    adsnote = {Provided by the SAO/NASA Astrophysics Data System}
}


@ARTICLE{qua,
   author = {{Eddington}, A.},
    title = "{\textit{The propagation of Gravitational Waves}}",
  journal = {Proceedings of the Royal Society of London},
     year = 1922,
   volume = {\textit{series A} 102},
    pages = {268-282},
      doi = {10.1002/andp.19163540702},
    adsnote = {Provided by the SAO/NASA Astrophysics Data System}
}

@ARTICLE{rod,
   author = {{Eddington}, A.},
    title = "{\textit{The Spontaneous Loss of Energy of a Spinning Rod according to the Relativity Theory}}",
  journal = {Philosophical Magazine},
     year = 1923,
   volume = 46,
    pages = {1112-1117},
      doi = {10.1002/andp.19163540702},
    adsnote = {Provided by the SAO/NASA Astrophysics Data System}
}

@BOOK{lib,
   author = "{{Michel} Janssen, {Robert} Schulmann, {J\'ozsef} Illy, {Christoph} Lehner, and {Diana} Kormos Buchwald}",
   title= "{\textit{The collected papers of Albert Einstein}}",
   publisher = "{Princeton University Press}",
   year = "{2002}",
  }


@ARTICLE{Taylor:1989,
   author = {{Taylor}, J.~H. and {Weisberg}, J.~M.},
    title = "{Further experimental tests of relativistic gravity using the binary pulsar PSR 1913 + 16}",
  journal = {\apj},
 keywords = {BINARY STARS, COMPUTATIONAL ASTROPHYSICS, GRAVITATION THEORY, PULSARS, RELATIVISTIC EFFECTS, DATA ACQUISITION, KEPLER LAWS, RADIATION EFFECTS, STELLAR MASS, STELLAR ORBITS},
     year = 1989,
    month = oct,
   volume = 345,
    pages = {434-450},
      doi = {10.1086/167917},
  adsnote = {Provided by the SAO/NASA Astrophysics Data System}
}

@ARTICLE{Metzger:2012,
   author = {{Metzger}, B.~D. and {Berger}, E.},
    title = "{What is the Most Promising Electromagnetic Counterpart of a Neutron Star Binary Merger?}",
  journal = {\apj},
     year = 2012,
   volume = 746,
    pages = {48},
}

@article{Kochanek:1993mw,
      author         = "Kochanek, Christopher S. and Piran, Tsvi",
      title          = "{Gravitational waves and gamma-ray bursts}",
      journal        = "Astrophys.J.",
      volume         = "417",
      pages          = "L17-L20",
      year           = "1993",
      eprint         = "astro-ph/9305015",
      archivePrefix  = "arXiv",
      primaryClass   = "astro-ph",
      reportNumber   = "CFA-3637",
      SLACcitation   = "%%CITATION = ASTRO-PH/9305015;%%",
}

@ARTICLE{Blin:1984,
   author = {{Blinnikov}, S.~I. and {Novikov}, I.~D. and {Perevodchikova}, T.~V. and 
	{Polnarev}, A.~G.},
    title = "{Exploding Neutron Stars in Close Binaries}",
  journal = {Soviet Astronomy Letters},
     year = 1984,
    month = apr,
   volume = 10,
    pages = {177},
  adsnote = {Provided by the SAO/NASA Astrophysics Data System}
}


@ARTICLE{hulse,
   author = {{Hulse}, R.~A. and {Taylor}, J.~H.},
    title = "{\textit{Discovery of a pulsar in a binary system}}",
  journal = {ApJL},
 keywords = {BINARY STARS, ORBITAL ELEMENTS, PULSARS, RELATIVISTIC EFFECTS, BLACK HOLES (ASTRONOMY), COMPANION STARS, ECCENTRIC ORBITS, MASS RATIOS, NEUTRON 
STARS, RADIAL VELOCITY, VELOCITY DISTRIBUTION},
     year = 1975,
    month = jan,
   volume = 195,
    pages = {L51-L53},
    adsnote = {Provided by the SAO/NASA Astrophysics Data System}
}


@Article{ryan,
  title = {\textit{Gravitational waves from the inspiral of a compact object into a massive, axisymmetric body with arbitrary multipole moments}},
  author = {Ryan, Fintan D.},
  journal = {\PRD},
  volume = {52},
  number = {10},
  pages = {5707--5718},
  numpages = {11},
  year = {1995},
  month = {Nov},
  doi = {10.1103/PhysRevD.52.5707},
  publisher = {American Physical Society}
}

@Article{hu1,
  title = {\textit{Evolution of circular, nonequatorial orbits of Kerr black holes due to gravitational-wave emission}},
  author = {Hughes, Scott A.},
  journal = {\PRD},
  volume = {61},
  number = {8},
  pages = {084004},
  numpages = {28},
  year = {2000},
  month = {Mar},
  doi = {10.1103/PhysRevD.61.084004},
  publisher = {American Physical Society}
}
@Article{hu2,
  title = {\textit{Evolution of circular, nonequatorial orbits of Kerr black holes due to gravitational-wave emission. II. Inspiral trajectories and 
gravitational wave          forms}},
  author = {Hughes, Scott A.},
  journal = {\PRD},
  volume = {64},
  number = {6},
  pages = {064004},
  numpages = {15},
  year = {2001},
  month = {Aug},
  doi = {10.1103/PhysRevD.64.064004},
  publisher = {American Physical Society}
}

@Article{gla,
  title = {\textit{Zoom and whirl: Eccentric equatorial orbits around spinning black holes and their evolution under gravitational radiation reaction}},
  author = {Glampedakis, Kostas  and Kennefick, Daniel },
  journal = {\PRD},
  volume = {66},
  number = {4},
  pages = {044002},
  numpages = {33},
  year = {2002},
  month = {Aug},
  doi = {10.1103/PhysRevD.66.044002},
  publisher = {American Physical Society}
}

@ARTICLE{dras, 
  author  = {Steve Drasco and Scott A. Hughes}, 
   title  = "{\textit{Gravitational wave snapshots of generic extreme mass ratio inspirals}}",
  journal = {\PRD},
    year  = 2006,
    mont  = jan,
  volume  = 73,
  pages   = {024027},
 numpages = {26},
     doi  = {10.1103/PhysRevD.73.024027},
 publisher = {American Physical Society}
}

@ARTICLE{gairles,
   author = {{Gair}, J.~R. and {Barack}, L. and {Creighton}, T. and {Cutler}, C. and {Larson}, S.~L. and {Phinney}, E.~S. and {Vallisneri}, M.},
    title = "{\textit{Event rate estimates for LISA extreme mass ratio capture sources}}",
  journal = {\CQG},
     year = 2004,
    month = oct,
   volume = 21,
    pages = {1595-+},
      doi = {10.1088/0264-9381/21/20/003},
    adsnote = {Provided by the SAO/NASA Astrophysics Data System}
}

@BOOK{mtw,
   author = {{Misner}, C.~W. and {Thorne}, K.~S. and {Wheeler}, J.~A.},
    title = "{\textit{Gravitation}}",
publisher = {San Francisco: W.H.~Freeman and Co., 1973},
     year = 1973,
     adsnote = {Provided by the SAO/NASA Astrophysics Data System}
}

@BOOK{kenyon,
   author = {{Kenyon}, I.~R.},
    title = "{\textit{General Relativity}}",
publisher = {OXFORD SCIENCE PUBLICATIONS},
     year = 1990,
     adsnote = {Provided by the SAO/NASA Astrophysics Data System}
}

@ARTICLE{ori,
   author = {{Kennefick}, D. and {Ori}, A.},
    title = "{\textit{Radiation-reaction-induced evolution of circular orbits of particles around Kerr black holes}}",
  journal = {\PRD},
   eprint = {arXiv:gr-qc/9512018},
     year = 1996,
    month = apr,
   volume = 53,
    pages = {4319-4326},
    adsnote = {Provided by the SAO/NASA Astrophysics Data System}
}

@ARTICLE{seoane,
   author = {{Amaro-Seoane}, P. and {Gair}, J.~R. and {Freitag}, M. and {Miller}, M.~C. and 
	{Mandel}, I. and {Cutler}, C.~J. and {Babak}, S.},
    title = "{\textit{TOPICAL REVIEW: Intermediate and extreme mass-ratio inspirals--astrophysics, science applications and detection using LISA}}",
  journal = {\CQG},
     year = 2007,
    month = sep,
   volume = 24,
    pages = {113-+},
      doi = {10.1088/0264-9381/24/17/R01},
    adsnote = {Provided by the SAO/NASA Astrophysics Data System}
}

@ARTICLE{hair,
   author = {{Gair}, J.~R. and {Li}, C. and {Mandel}, I.},
    title = "{Observable properties of orbits in exact bumpy spacetimes}",
  journal = {\PRD},
   eprint = {arXiv:0708.0628},
     year = 2008,
    month = jan,
   volume = 77,
   number = 2,
    pages = {024035-+},
      doi = {10.1103/PhysRevD.77.024035},
  adsnote = {Provided by the SAO/NASA Astrophysics Data System}
}


@ARTICLE{lrs,
   author = {{Gair}, J.~R},
    title = "{Probing black holes at low redshift using LISA EMRI observations}",
  journal = {ArXiv e-prints},
archivePrefix = "arXiv",
   eprint = {0811.0188},
 keywords = {General Relativity and Quantum Cosmology},
     year = 2008,
    month = nov,
  adsnote = {Provided by the SAO/NASA Astrophysics Data System}
}

@ARTICLE{pound,
   author = {{Pound}, A. and {Poisson}, E.},
    title = "{Multiscale analysis of the electromagnetic self-force in a weak gravitational field}",
  journal = {\PRD},
archivePrefix = "arXiv",
   eprint = {0708.3037},
     year = 2008,
    month = feb,
   volume = 77,
   number = 4,
    pages = {044012-+},
      doi = {10.1103/PhysRevD.77.044012},
  adsnote = {Provided by the SAO/NASA Astrophysics Data System}
}

@Article{Sathyaprakash:1991mt,
      author         = "Sathyaprakash, B.S. and Dhurandhar, S.V.",
      title          = "{Choice of filters for the detection of gravitational
                        waves from coalescing binaries}",
      journal        = "Phys.Rev.",
      volume         = "D44",
      pages          = "3819-3834",
      year           = "1991",
}

@Article{Balasubramanian:1995bm,
      author         = "Balasubramanian, R. and Sathyaprakash, B.S. and
                        Dhurandhar, S.V.",
      title          = "{Gravitational waves from coalescing binaries: Detection
                        strategies and Monte Carlo estimation of parameters}",
      journal        = "Phys.Rev.",
      volume         = "D53",
      pages          = "3033-3055",
      year           = "1996",
}

@article{Allen:2005fk,
      author         = "Allen, Bruce and Anderson, Warren G. and Brady, Patrick
                        R. and Brown, Duncan A. and Creighton, Jolien D.E.",
      title          = "{FINDCHIRP: An Algorithm for detection of gravitational
                        waves from inspiraling compact binaries}",
      journal        = "Phys.Rev.",
      volume         = "D85",
      pages          = "122006",
      year           = "2012"
}

@book{Wainstein,
     author        = {Wainstein, L A and Zubakov, V D },
     title         = {Extraction of Signals from Noise},
     publisher     = {Prentice-Hall},
     address       = {Englewood Cliffs},
     year          = {1962},
     keywords      = {Signal processing},
}


@ARTICLE{flan,
   author = {{Hughes}, S.~A. and {Drasco}, S. and {Flanagan}, {\'E}.~{\'E}. and 
	{Franklin}, J.},
    title = "{Gravitational Radiation Reaction and Inspiral Waveforms in the Adiabatic Limit}",
  journal = {\PRL},
   eprint = {arXiv:gr-qc/0504015},
     year = 2005,
    month = jun,
   volume = 94,
   number = 22,
    pages = {221101-+},
      doi = {10.1103/PhysRevLett.94.221101},
  adsnote = {Provided by the SAO/NASA Astrophysics Data System}
}

@ARTICLE{Huerta:2009,
   author = {{Huerta}, E.~A. and {Gair}, J.~R.},
    title = "{Influence of conservative corrections on parameter estimation for extreme-mass-ratio inspirals}",
  journal = {\PRD},
archivePrefix = "arXiv",
   eprint = {0812.4208},
     year = 2009,
    month = apr,
   volume = 79,
   number = 8,
    pages = {084021-+},
      doi = {10.1103/PhysRevD.79.084021},
  adsnote = {Provided by the SAO/NASA Astrophysics Data System}
}

@ARTICLE{Huerta:EHE,
   author = {{Huerta}, E.~A. and {Gair}, J.~R.},
    title = "{Erratum: Influence of conservative corrections on parameter estimation for extreme-mass-ratio inspirals [Phys. Rev. D 79, 084021 (2009)]}",
  journal = {\prd},
 keywords = {Post-Newtonian approximation, perturbation theory, related approximations, Wave generation and sources, Errata},
     year = 2011,
    month = aug,
   volume = 84,
   number = 4,
      eid = {049903},
    pages = {049903},
      doi = {10.1103/PhysRevD.84.049903},
  adsnote = {Provided by the SAO/NASA Astrophysics Data System}
}


@ARTICLE{amos,
   author = {{Ori}, A. and {Thorne}, K.~S.},
    title = "{Transition from inspiral to plunge for a compact body in a circular equatorial orbit around a massive, spinning black hole}",
  journal = {\PRD},
   eprint = {arXiv:gr-qc/0003032},
     year = 2000,
    month = dec,
   volume = 62,
   number = 12,
    pages = {124022-+},
      doi = {10.1103/PhysRevD.62.124022},
  adsnote = {Provided by the SAO/NASA Astrophysics Data System}
}

@ARTICLE{eobz,
   author = {{Buonanno}, A. and {Damour}, T.},
    title = "{Effective one-body approach to general relativistic two-body dynamics}",
  journal = {\PRD},
   eprint = {arXiv:gr-qc/9811091},
     year = 1999,
    month = apr,
   volume = 59,
   number = 8,
    pages = {084006-+},
      doi = {10.1103/PhysRevD.59.084006},
  adsnote = {Provided by the SAO/NASA Astrophysics Data System}
}

@ARTICLE{pn25,
   author = {{Damour}, T. and {Deruelle}, N.},
    title = "{Radiation reaction and angular momentum loss in small angle gravitational scattering}",
  journal = {Physics Letters A},
     year = 1981,
    month = dec,
   volume = 87,
    pages = {81-84},
      doi = {10.1016/0375-9601(81)90567-3},
  adsnote = {Provided by the SAO/NASA Astrophysics Data System}
}

@ARTICLE{reg,
   author = {{Blanchet}, L. and {Damour}, T. and {Esposito-Far{\`e}se}, G. and 
	{Iyer}, B.~R.},
    title = "{Dimensional regularization of the third post-Newtonian gravitational wave generation from two point masses}",
  journal = {\PRD},
   eprint = {arXiv:gr-qc/0503044},
     year = 2005,
    month = jun,
   volume = 71,
   number = 12,
    pages = {124004-+},
      doi = {10.1103/PhysRevD.71.124004},
  adsnote = {Provided by the SAO/NASA Astrophysics Data System}
}

@ARTICLE{tres,
   author = {{Blanchet}, L. and {Faye}, G.},
    title = "{General relativistic dynamics of compact binaries at the third post-Newtonian order}",
  journal = {\PRD},
   eprint = {arXiv:gr-qc/0007051},
     year = 2001,
    month = mar,
   volume = 63,
   number = 6,
    pages = {062005-+},
      doi = {10.1103/PhysRevD.63.062005},
  adsnote = {Provided by the SAO/NASA Astrophysics Data System}
}

@ARTICLE{fspin,
   author = {{Damour}, T. and {Nagar}, A.},
    title = "{Final spin of a coalescing black-hole binary: An effective-one-body approach}",
  journal = {\PRD},
archivePrefix = "arXiv",
   eprint = {0704.3550},
 keywords = {Post-Newtonian approximation; perturbation theory; related approximations, Gravitational waves: theory, Wave generation and sources},
     year = 2007,
    month = aug,
   volume = 76,
   number = 4,
    pages = {044003-+},
      doi = {10.1103/PhysRevD.76.044003},
  adsnote = {Provided by the SAO/NASA Astrophysics Data System}
}

@ARTICLE{rev,
   author = {{Damour}, T. and {Nagar}, A.},
    title = "{The Effective One Body description of the Two-Body problem}",
  journal = {ArXiv e-prints},
archivePrefix = "arXiv",
   eprint = {0906.1769},
 keywords = {General Relativity and Quantum Cosmology},
     year = 2009,
    month = jun,
  adsnote = {Provided by the SAO/NASA Astrophysics Data System}
}

@ARTICLE{cof,
   author = {{Buonanno}, A. and {Chen}, Y. and {Vallisneri}, M.},
    title = "{Detection template families for gravitational waves from the final stages of binary black-hole inspirals: Nonspinning case}",
  journal = {\PRD},
   eprint = {arXiv:gr-qc/0205122},
     year = 2003,
    month = jan,
   volume = 67,
   number = 2,
    pages = {024016-+},
      doi = {10.1103/PhysRevD.67.024016},
  adsnote = {Provided by the SAO/NASA Astrophysics Data System}
}

@ARTICLE{prcs,
   author = {{Buonanno}, A. and {Damour}, T.},
    title = "{Transition from inspiral to plunge in binary black hole coalescences}",
  journal = {\PRD},
   eprint = {arXiv:gr-qc/0001013},
     year = 2000,
    month = sep,
   volume = 62,
   number = 6,
    pages = {064015-+},
      doi = {10.1103/PhysRevD.62.064015},
  adsnote = {Provided by the SAO/NASA Astrophysics Data System}
}

@ARTICLE{fai,
   author = {{Buonanno}, A. and {Pan}, Y. and {Baker}, J.~G. and {Centrella}, J. and 
	{Kelly}, B.~J. and {McWilliams}, S.~T. and {van Meter}, J.~R.
	},
    title = "{Approaching faithful templates for nonspinning binary black holes using the effective-one-body approach}",
  journal = {\PRD},
archivePrefix = "arXiv",
   eprint = {0706.3732},
 keywords = {Post-Newtonian approximation; perturbation theory; related approximations, Numerical relativity, Wave generation and sources, Classical black 
holes},
     year = 2007,
    month = nov,
   volume = 76,
   number = 10,
    pages = {104049-+},
      doi = {10.1103/PhysRevD.76.104049},
  adsnote = {Provided by the SAO/NASA Astrophysics Data System}
}

@ARTICLE{nova,
   author = {{Damour}, T. and {Nagar}, A.},
    title = "{Comparing effective-one-body gravitational waveforms to accurate numerical data}",
  journal = {\PRD},
archivePrefix = "arXiv",
   eprint = {0711.2628},
 keywords = {Post-Newtonian approximation; perturbation theory; related approximations, Gravitational waves: theory, Wave generation and sources},
     year = 2008,
    month = jan,
   volume = 77,
   number = 2,
    pages = {024043-+},
      doi = {10.1103/PhysRevD.77.024043},
  adsnote = {Provided by the SAO/NASA Astrophysics Data System}
}

@ARTICLE{bernu,
   author = {{Bernuzzi}, S. and {Nagar}, A.},
    title = "{Binary black hole merger in the extreme-mass-ratio limit: A multipolar analysis}",
  journal = {\prd},
archivePrefix = "arXiv",
   eprint = {1003.0597},
 primaryClass = "gr-qc",
 keywords = {Wave generation and sources, Post-Newtonian approximation; perturbation theory; related approximations, Relativity and gravitation},
     year = 2010,
    month = apr,
   volume = 81,
   number = 8,
      eid = {084056},
    pages = {084056},
      doi = {10.1103/PhysRevD.81.084056},
  adsnote = {Provided by the SAO/NASA Astrophysics Data System}
}


@ARTICLE{resu,
   author = {{Damour}, T. and {Iyer}, B.~R. and {Nagar}, A.},
    title = "{Improved resummation of post-Newtonian multipolar waveforms from circularized compact binaries}",
  journal = {\PRD},
archivePrefix = "arXiv",
   eprint = {0811.2069},
 keywords = {Post-Newtonian approximation; perturbation theory; related approximations, Wave generation and sources},
     year = 2009,
    month = mar,
   volume = 79,
   number = 6,
    pages = {064004-+},
      doi = {10.1103/PhysRevD.79.064004},
  adsnote = {Provided by the SAO/NASA Astrophysics Data System}
}

@ARTICLE{Bounanno:2007,
   author = {{Buonanno}, A. and {Pan}, Y. and {Baker}, J.~G. and {Centrella}, J. and 
	{Kelly}, B.~J. and {McWilliams}, S.~T. and {van Meter}, J.~R.
	},
    title = "{Approaching faithful templates for nonspinning binary black holes using the effective-one-body approach}",
  journal = {\prd},
archivePrefix = "arXiv",
   eprint = {0706.3732},
 primaryClass = "gr-qc",
 keywords = {Post-Newtonian approximation; perturbation theory; related approximations, Numerical relativity, Wave generation and sources, Classical black holes},
     year = 2007,
    month = nov,
   volume = 76,
   number = 10,
      eid = {104049},
    pages = {104049},
      doi = {10.1103/PhysRevD.76.104049},
  adsnote = {Provided by the SAO/NASA Astrophysics Data System}
}


@ARTICLE{rdspin,
   author = {{Buonanno}, A. and {Cook}, G.~B. and {Pretorius}, F.},
    title = "{Inspiral, merger, and ring-down of equal-mass black-hole binaries}",
  journal = {\PRD},
   eprint = {arXiv:gr-qc/0610122},
 keywords = {Numerical relativity, Post-Newtonian approximation; perturbation theory; related approximations, Wave generation and sources, Classical black 
holes},
     year = 2007,
    month = jun,
   volume = 75,
   number = 12,
    pages = {124018-+},
      doi = {10.1103/PhysRevD.75.124018},
  adsnote = {Provided by the SAO/NASA Astrophysics Data System}
}

@ARTICLE{mspin,
   author = {{Buonanno}, A. and {Chen}, Y. and {Damour}, T.},
    title = "{Transition from inspiral to plunge in precessing binaries of spinning black holes}",
  journal = {\PRD},
   eprint = {arXiv:gr-qc/0508067},
 keywords = {Wave generation and sources, Post-Newtonian approximation; perturbation theory; related approximations, Classical black holes, Gravitational wave 
detectors and experiments},
     year = 2006,
    month = nov,
   volume = 74,
   number = 10,
    pages = {104005-+},
      doi = {10.1103/PhysRevD.74.104005},
  adsnote = {Provided by the SAO/NASA Astrophysics Data System}
}

@ARTICLE{Rezzolla:2008,
   author = {{Rezzolla}, L. and {Barausse}, E. and {Dorband}, E.~N. and {Pollney}, D. and 
	{Reisswig}, C. and {Seiler}, J. and {Husa}, S.},
    title = "{Final spin from the coalescence of two black holes}",
  journal = {\prd},
archivePrefix = "arXiv",
   eprint = {0712.3541},
 primaryClass = "gr-qc",
 keywords = {Wave generation and sources, Numerical relativity, Physics of black holes, Relativity and gravitation},
     year = 2008,
    month = aug,
   volume = 78,
   number = 4,
      eid = {044002},
    pages = {044002},
      doi = {10.1103/PhysRevD.78.044002},
  adsnote = {Provided by the SAO/NASA Astrophysics Data System}
}


@ARTICLE{Barus:2009,
   author = {{Barausse}, E. and {Rezzolla}, L.},
    title = "{Predicting the Direction of the Final Spin from the Coalescence of Two Black Holes}",
  journal = {\apjl},
archivePrefix = "arXiv",
   eprint = {0904.2577},
 primaryClass = "gr-qc",
 keywords = {black hole physics, galaxies: nuclei, gravitational waves, relativity},
     year = 2009,
    month = oct,
   volume = 704,
    pages = {L40-L44},
      doi = {10.1088/0004-637X/704/1/L40},
  adsnote = {Provided by the SAO/NASA Astrophysics Data System}
}


@ARTICLE{spif,
   author = {{Rezzolla}, L. and {Diener}, P. and {Dorband}, E.~N. and {Pollney}, D. and {Reisswig}, C. and {Schnetter}, E. and {Seiler}, J.},
    title = "{The Final Spin from the Coalescence of Aligned-Spin Black Hole Binaries}",
  journal = {\apjl},
archivePrefix = "arXiv",
   eprint = {0710.3345},
 keywords = {Black Hole Physics, Gravitational Waves, Relativity, Stars: Statistics},
     year = 2008,
    month = feb,
   volume = 674,
    pages = {L29-L32},
      doi = {10.1086/528935},
  adsnote = {Provided by the SAO/NASA Astrophysics Data System}
}

@ARTICLE{Berti:2006b,
   author = {{Berti}, E. and {Cardoso}, V. and {Will}, C.~M.},
    title = "{Gravitational-wave spectroscopy of massive black holes with the space interferometer LISA}",
  journal = {\PRD},
   eprint = {arXiv:gr-qc/0512160},
 keywords = {Physics of black holes, Wave generation and sources, Experimental tests of gravitational theories, Gravitational wave detectors and experiments},
     year = 2006,
    month = mar,
   volume = 73,
   number = 6,
    pages = {064030-+},
      doi = {10.1103/PhysRevD.73.064030},
  adsnote = {Provided by the SAO/NASA Astrophysics Data System}
}

@ARTICLE{Mino:1997,
   author = {{Mino}, Y. and {Sasaki}, M. and {Shibata}, M. and {Tagoshi}, H. and 
	{Tanaka}, T.},
    title = "{Chapter 1. Black Hole Perturbation}",
  journal = {Progress of Theoretical Physics Supplement},
   eprint = {arXiv:gr-qc/9712057},
     year = 1997,
   volume = 128,
    pages = {1-121},
      doi = {10.1143/PTPS.128.1},
  adsnote = {Provided by the SAO/NASA Astrophysics Data System}
}

@ARTICLE{dim,
   author = {{Damour}, T. and {Jaranowski}, P. and {Sch{\"a}fer}, G.},
    title = "{Dimensional regularization of the gravitational interaction of point masses}",
  journal = {Physics Letters B},
   eprint = {arXiv:gr-qc/0105038},
     year = 2001,
    month = jul,
   volume = 513,
    pages = {147-155},
      doi = {10.1016/S0370-2693(01)00642-6},
  adsnote = {Provided by the SAO/NASA Astrophysics Data System}
}



@ARTICLE{dimb,
   author = {{Blanchet}, L. and {Damour}, T. and {Esposito-Far{\`e}se}, G.
	},
    title = "{Dimensional regularization of the third post-Newtonian dynamics of point particles in harmonic coordinates}",
  journal = {\PRD},
   eprint = {arXiv:gr-qc/0311052},
 keywords = {Approximation methods; equations of motion, Gravitational waves: theory},
     year = 2004,
    month = jun,
   volume = 69,
   number = 12,
    pages = {124007-+},
      doi = {10.1103/PhysRevD.69.124007},
  adsnote = {Provided by the SAO/NASA Astrophysics Data System}
}

@ARTICLE{35pnw,
   author = {{Pati}, M.~E. and {Will}, C.~M.},
    title = "{Post-Newtonian gravitational radiation and equations of motion via direct integration of the relaxed Einstein equations. II. Two-body equations 
of motion to second post-Newtonian order, and radiation reaction to 3.5 post-Newtonian order}",
  journal = {\PRD},
   eprint = {arXiv:gr-qc/0201001},
 keywords = {Gravitational waves: theory, Post-Newtonian approximation; perturbation theory; related approximations},
     year = 2002,
    month = may,
   volume = 65,
   number = 10,
    pages = {104008-+},
      doi = {10.1103/PhysRevD.65.104008},
  adsnote = {Provided by the SAO/NASA Astrophysics Data System}
}

@ARTICLE{kon,
   author = {{K{\"o}nigsd{\"o}rffer}, C. and {Faye}, G. and {Sch{\"a}fer}, G.
	},
    title = "{Binary black-hole dynamics at the third-and-a-half post-Newtonian order in the ADM formalism}",
  journal = {\PRD},
   eprint = {arXiv:gr-qc/0305048},
 keywords = {Post-Newtonian approximation; perturbation theory; related approximations, Wave generation and sources, Neutron stars, Black holes},
     year = 2003,
    month = aug,
   volume = 68,
   number = 4,
    pages = {044004-+},
      doi = {10.1103/PhysRevD.68.044004},
  adsnote = {Provided by the SAO/NASA Astrophysics Data System}
}

@ARTICLE{nis,
   author = {{Nissanke}, S. and {Blanchet}, L.},
    title = "{Gravitational radiation reaction in the equations of motion of compact binaries to 3.5 post-Newtonian order}",
  journal = {\CQG},
   eprint = {arXiv:gr-qc/0412018},
     year = 2005,
    month = mar,
   volume = 22,
    pages = {1007-1031},
      doi = {10.1088/0264-9381/22/6/008},
  adsnote = {Provided by the SAO/NASA Astrophysics Data System}
}

@ARTICLE{f1,
   author = {{Blanchet}, L. and {Damour}, T.},
    title = "{Radiative gravitational fields in general relativity. I - General structure of the field outside the source}",
  journal = {Royal Society of London Philosophical Transactions Series A},
 keywords = {ASTROPHYSICS, GRAVITATIONAL FIELDS, RELATIVITY, CONVERGENCE, COORDINATE TRANSFORMATIONS, FAR FIELDS, GREEN'S FUNCTIONS, LINEAR EQUATIONS, NEAR 
FIELDS, TENSOR ANALYSIS, VACUUM},
     year = 1986,
    month = dec,
   volume = 320,
    pages = {379-430},
  adsnote = {Provided by the SAO/NASA Astrophysics Data System}
}

@ARTICLE{f2,
   author = {{Blanchet}, L. and {Damour}, T.},
    title = "{Post-Newtonian generation of gravitational waves.}",
  journal = {Annales de L'Institut Henri Poincare Section Physique Theorique},
 keywords = {Gravitational Radiation},
     year = 1989,
   volume = 50,
    pages = {377-408},
  adsnote = {Provided by the SAO/NASA Astrophysics Data System}
}

@ARTICLE{f3,
   author = {{Blanchet}, L. and {Damour}, T.},
    title = "{Hereditary effects in gravitational radiation}",
  journal = {\PRD},
     year = 1992,
    month = nov,
   volume = 46,
    pages = {4304-4319},
      doi = {10.1103/PhysRevD.46.4304},
  adsnote = {Provided by the SAO/NASA Astrophysics Data System}
}

@ARTICLE{f4,
   author = {{Blanchet}, L.},
    title = "{Second-post-Newtonian generation of gravitational radiation}",
  journal = {\PRD},
   eprint = {arXiv:gr-qc/9501030},
 keywords = {Wave generation and sources, Post-Newtonian approximation; perturbation theory; related approximations},
     year = 1995,
    month = mar,
   volume = 51,
    pages = {2559-2583},
      doi = {10.1103/PhysRevD.51.2559},
  adsnote = {Provided by the SAO/NASA Astrophysics Data System}
}

@ARTICLE{Buonanno:2011_tail,
   author = {{Blanchet}, L. and {Buonanno}, A. and {Faye}, G.},
    title = "{Tail-induced spin-orbit effect in the gravitational radiation of compact binaries}",
  journal = {\prd},
archivePrefix = "arXiv",
   eprint = {1104.5659},
 primaryClass = "gr-qc",
 keywords = {Gravitational waves: theory, Approximation methods; equations of motion},
     year = 2011,
    month = sep,
   volume = 84,
   number = 6,
      eid = {064041},
    pages = {064041},
      doi = {10.1103/PhysRevD.84.064041},
  adsnote = {Provided by the SAO/NASA Astrophysics Data System}
}


@ARTICLE{f5,
   author = {{Blanchet}, L.},
    title = "{Gravitational-wave tails of tails}",
  journal = {\CQG},
   eprint = {arXiv:gr-qc/9710038},
     year = 1998,
    month = jan,
   volume = 15,
    pages = {113-141},
      doi = {10.1088/0264-9381/15/1/009},
  adsnote = {Provided by the SAO/NASA Astrophysics Data System}
}

@ARTICLE{f6,
   author = {{Damour}, T. and {Iyer}, B.~R.},
    title = "{Multipole analysis for electromagnetism and linearized gravity with irreducible Cartesian tensors}",
  journal = {\PRD},
     year = 1991,
    month = may,
   volume = 43,
    pages = {3259-3272},
      doi = {10.1103/PhysRevD.43.3259},
  adsnote = {Provided by the SAO/NASA Astrophysics Data System}
}

@TECHREPORT{f7,
   author = {{Damour}, T. and {Iyer}, B.~R.},
    title = "{Generation of gravitational waves: The post Newtonian spin octupole moment}",
 keywords = {FIELD THEORY (PHYSICS), GRAVITATION THEORY, GRAVITATIONAL WAVES, MOMENTS, RELATIVISTIC THEORY, SPIN DYNAMICS, ANGULAR MOMENTUM, FORMALISM},
booktitle = {Unknown},
     year = 1993,
   editor = "{T.~Damour \& B.~R.~Iyer}",
    month = dec,
  adsnote = {Provided by the SAO/NASA Astrophysics Data System}
}

@ARTICLE{w1,
   author = {{Will}, C.~M. and {Wiseman}, A.~G.},
    title = "{Gravitational radiation from compact binary systems: Gravitational waveforms and energy loss to second post-Newtonian order}",
  journal = {\PRD},
   eprint = {arXiv:gr-qc/9608012},
 keywords = {Wave generation and sources, Gravitational wave detectors and experiments, Neutron stars, Black holes},
     year = 1996,
    month = oct,
   volume = 54,
    pages = {4813-4848},
      doi = {10.1103/PhysRevD.54.4813},
  adsnote = {Provided by the SAO/NASA Astrophysics Data System}
}

@ARTICLE{w2,
   author = {{Pati}, M.~E. and {Will}, C.~M.},
    title = "{Post-Newtonian gravitational radiation and equations of motion via direct integration of the relaxed Einstein equations: Foundations}",
  journal = {\PRD},
   eprint = {arXiv:gr-qc/0007087},
 keywords = {Gravitational waves: theory, Post-Newtonian approximation; perturbation theory; related approximations},
     year = 2000,
    month = dec,
   volume = 62,
   number = 12,
    pages = {124015-+},
      doi = {10.1103/PhysRevD.62.124015},
  adsnote = {Provided by the SAO/NASA Astrophysics Data System}
}

@ARTICLE{w3,
  author = {Clifford M. Will},
  title = {Generation of Post-Newtonian Gravitational Radiation via Direct Integration of the Relaxed Einstein Equations},
  journal = {Progress of Theoretical Physics},
  volume = {136},
  pages = {158},
  year = {1999}
}


@ARTICLE{Buonanno:1999,
   author = {{Buonanno}, A. and {Damour}, T.},
    title = "{Effective one-body approach to general relativistic two-body dynamics}",
  journal = {\prd},
   eprint = {gr-qc/9811091},
 keywords = {Wave generation and sources, Post-Newtonian approximation, perturbation theory, related approximations, Spectroscopic binaries, close binaries},
     year = 1999,
    month = apr,
   volume = 59,
   number = 8,
      eid = {084006},
    pages = {084006},
      doi = {10.1103/PhysRevD.59.084006},
  adsnote = {Provided by the SAO/NASA Astrophysics Data System}
}


@ARTICLE{Damour:2000,
   author = {{Damour}, T. and {Jaranowski}, P. and {Sch{\"a}fer}, G.},
    title = "{Determination of the last stable orbit for circular general relativistic binaries at the third post-Newtonian approximation}",
  journal = {\prd},
   eprint = {gr-qc/0005034},
 keywords = {Post-Newtonian approximation, perturbation theory, related approximations, Canonical formalism Lagrangians and variational principles, Wave generation and sources, Neutron stars},
     year = 2000,
    month = oct,
   volume = 62,
   number = 8,
      eid = {084011},
    pages = {084011},
      doi = {10.1103/PhysRevD.62.084011},
  adsnote = {Provided by the SAO/NASA Astrophysics Data System}
}


@Article{EOB:Damour,
  title = {Coalescence of two spinning black holes: An effective one-body approach},
  author = {Damour, Thibault },
  journal = {\PRD},
  volume = {64},
  number = {12},
  pages = {124013},
  numpages = {22},
  year = {2001},
  month = {Nov},
  doi = {10.1103/PhysRevD.64.124013},
  publisher = {American Physical Society}
}

@Article{noise1,
  title = {Gravitational-wave confusion background from cosmological compact binaries: Implications for future terrestrial detectors},
  author = {Regimbau, T.  and Hughes, Scott A.},
  journal = {\PRD},
  volume = {79},
  number = {6},
  pages = {062002},
  numpages = {8},
  year = {2009},
  month = {Mar},
  doi = {10.1103/PhysRevD.79.062002},
  publisher = {American Physical Society}
}

@ARTICLE{network,
   author = {{The LIGO Scientific Collaboration} and {the Virgo Collaboration}
	},
    title = "{All-sky search for gravitational-wave bursts in the first joint LIGO-GEO-Virgo run}",
  journal = {ArXiv e-prints},
archivePrefix = "arXiv",
   eprint = {1002.1036},
 keywords = {General Relativity and Quantum Cosmology},
     year = 2010,
    month = feb,
  adsnote = {Provided by the SAO/NASA Astrophysics Data System}
}

@ARTICLE{etgair,
author = {{Gair}, J.~R. and {Mandel}, I. and {Miller}, M.~C. and {Volonteri}, M.
	},
    title = "{Exploring intermediate and massive black-hole binaries with the Einstein Telescope}",
  journal = {General Relativity and Gravitation},
archivePrefix = "arXiv",
   eprint = {0907.5450},
 primaryClass = "astro-ph.CO",
 keywords = {Intermediate mass black holes, General relativity, Gravitational waves, Structure formation, White dwarfs},
     year = 2011,
    month = feb,
   volume = 43,
    pages = {485-518},
      doi = {10.1007/s10714-010-1104-3},
  adsnote = {Provided by the SAO/NASA Astrophysics Data System}
}



@ARTICLE{evidence,
   author = {{Miller}, M.~C. and {Colbert}, E.~J.~M.},
    title = "{Intermediate-Mass Black Holes}",
  journal = {International Journal of Modern Physics D},
 keywords = {Black hole physics, (galaxy) globular clusters: general, gravitational waves, stellar dynamics, X-rays: binaries},
     year = 2004,
    month = jan,
   volume = 13,
    pages = {1-64},
      doi = {10.1142/S0218271804004426},
  adsnote = {Provided by the SAO/NASA Astrophysics Data System}
}

@ARTICLE{inner,
   author = {{Barack}, L. and {Sago}, N.},
    title = "{Gravitational Self-Force Correction to the Innermost Stable Circular Orbit of a Schwarzschild Black Hole}",
  journal = {\PRL},
archivePrefix = "arXiv",
   eprint = {0902.0573},
 keywords = {Post-Newtonian approximation; perturbation theory; related approximations, Numerical studies of black holes and black-hole binaries, Classical 
black holes},
     year = 2009,
    month = may,
   volume = 102,
   number = 19,
    pages = {191101-+},
      doi = {10.1103/PhysRevLett.102.191101},
  adsnote = {Provided by the SAO/NASA Astrophysics Data System}
}

@ARTICLE{Smith:2013,
author = {{Smith}, R.~J.~E. and {Mandel}, I. and {Vecchio}, A.},
    title = "{Studies of waveform requirements for intermediate mass-ratio coalescence searches with advanced gravitational-wave detectors}",
  journal = {\prd},
archivePrefix = "arXiv",
   eprint = {1302.6049},
 primaryClass = "astro-ph.HE",
 keywords = {Gravitational waves: theory, Numerical studies of black holes and black-hole binaries, Black holes},
     year = 2013,
    month = aug,
   volume = 88,
   number = 4,
      eid = {044010},
    pages = {044010},
      doi = {10.1103/PhysRevD.88.044010},
  adsnote = {Provided by the SAO/NASA Astrophysics Data System}
}



@ARTICLE{Abadie:2010,
   author = {{Abadie}, J. and {Abbott}, B.~P. and {Abbott}, R. and {Abernathy}, M. and {Accadia}, T. and {Acernese}, F. and {Adams}, C. and {Adhikari}, R. and 
	{Ajith}, P. and {Allen}, B. and others},
    title = "{TOPICAL REVIEW:  Predictions for the rates of compact binary coalescences observable by ground-based gravitational-wave detectors}",
  journal = {\CQG},
archivePrefix = "arXiv",
   eprint = {1003.2480},
 primaryClass = "astro-ph.HE",
     year = 2010,
    month = sep,
   volume = 27,
   number = 17,
      eid = {173001},
    pages = {173001},
      doi = {10.1088/0264-9381/27/17/173001},
  adsnote = {Provided by the SAO/NASA Astrophysics Data System}
}


@ARTICLE{mandel,
   author = {{Mandel}, I.},
    title = "{Spin distribution following minor mergers and the effect of spin on the detection range for low-mass-ratio inspirals}",
  journal = {ArXiv e-prints},
archivePrefix = "arXiv",
   eprint = {0707.0711},
 keywords = {Astrophysics, General Relativity and Quantum Cosmology},
     year = 2007,
    month = jul,
  adsnote = {Provided by the SAO/NASA Astrophysics Data System}
}

@ARTICLE{cole,
   author = {{Miller}, M.~C.},
    title = "{Gravitational Radiation from Intermediate-Mass Black Holes}",
  journal = {\apj},
   eprint = {arXiv:astro-ph/0206404},
 keywords = {Black Hole Physics, Gravitational Waves, Stellar Dynamics},
     year = 2002,
    month = dec,
   volume = 581,
    pages = {438-450},
      doi = {10.1086/344156},
  adsnote = {Provided by the SAO/NASA Astrophysics Data System}
}

@inproceedings{Th300,
     author        = { Kip S. Thorne},
     title         = {Gravitational Radiation},
     booktitle     = {Three hundred years of gravitation},
     year          = {1987},
     editor        = {Hawking, S.W. and Israel, W.},
     pages         = {330--458},
     publisher     = {Cambridge University Press},
     keywords      = {Gravitational radiation},
     ReferencedIn  = {2002-3blanchet}
}

@ARTICLE{bland,
   author = {{Hughes}, S.~A. and {Blandford}, R.~D.},
    title = "{Black Hole Mass and Spin Coevolution by Mergers}",
  journal = {\apjl},
   eprint = {arXiv:astro-ph/0208484},
 keywords = {Black Hole Physics, Galaxies: Active, Galaxies: Nuclei, Gravitation, Galaxies: Quasars: General},
     year = 2003,
    month = mar,
   volume = 585,
    pages = {L101-L104},
      doi = {10.1086/375495},
  adsnote = {Provided by the SAO/NASA Astrophysics Data System}
}

@ARTICLE{multipole,
   author = {{Thorne}, K.~S.},
    title = "{Multipole expansions of gravitational radiation}",
  journal = {Reviews of Modern Physics},
     year = 1980,
    month = apr,
   volume = 52,
    pages = {299-340},
      doi = {10.1103/RevModPhys.52.299},
  adsnote = {Provided by the SAO/NASA Astrophysics Data System}
}

@ARTICLE{preto,
   author = {{Pretorius}, F.},
    title = "{Evolution of Binary Black-Hole Spacetimes}",
  journal = {Physical Review Letters},
   eprint = {arXiv:gr-qc/0507014},
 keywords = {Numerical relativity, Wave generation and sources, Classical 
black holes},
     year = 2005,
    month = sep,
   volume = 95,
   number = 12,
    pages = {121101-+},
      doi = {10.1103/PhysRevLett.95.121101},
  adsnote = {Provided by the SAO/NASA Astrophysics Data System}
}

@ARTICLE{smarr,
   author = {{Smarr}, L.},
    title = "{Numerical Construction of Space-Time}",
  journal = {Royal Society of London Proceedings Series A},
     year = 1979,
    month = sep,
   volume = 368,
    pages = {15-16},
      doi = {10.1098/rspa.1979.0109},
  adsnote = {Provided by the SAO/NASA Astrophysics Data System}
}

@Article{FittingFactorApostolatos,
      author         = "Apostolatos, T.A.",
      title          = "{Search templates for gravitational waves from
                        precessing, inspiraling binaries}",
      journal        = "Phys.Rev.",
      volume         = "D52",
      pages          = "605-620",
      year           = "1995",
}

@PHDTHESIS{Apos:1995,
   author = {{Apostolatos}, T.~A.},
    title = "{Topics in general relativity : naked singularities, and theoretical aspects of gravitational waves from merging compact binaries}",
 keywords = {CMB; CMBR; cosmic microwave background radiation; cosmology; microwave; microwave instrumentation; polarization},
   school = {California Institute of Technology},
     year = 1995,
    month = January,
   adsurl = {http://adsabs.harvard.edu/abs/1995PhDT........90A},
  adsnote = {Provided by the SAO/NASA Astrophysics Data System}
}



@ARTICLE{apos,
   author = {{Apostolatos}, T.~A. and {Cutler}, C. and {Sussman}, G.~J. and 
	{Thorne}, K.~S.},
    title = "{Spin-induced orbital precession and its modulation of the gravitational waveforms from merging binaries}",
  journal = {\PRD},
 keywords = {Gravitational wave detectors and experiments, Wave generation and sources, Neutron stars, Astrometric and interferometric binaries},
     year = 1994,
    month = jun,
   volume = 49,
    pages = {6274-6297},
      doi = {10.1103/PhysRevD.49.6274},
  adsnote = {Provided by the SAO/NASA Astrophysics Data System}
}

@ARTICLE{etb,
   author = {{Kant Mishra}, C. and {Arun}, K.~G. and {Iyer}, B.~R. and {Sathyaprakash}, B.~S.
	},
    title = "{Parametrized tests of post-Newtonian theory using Advanced LIGO and Einstein Telescope}",
  journal = {ArXiv e-prints},
archivePrefix = "arXiv",
   eprint = {1005.0304},
 primaryClass = "gr-qc",
 keywords = {General Relativity and Quantum Cosmology},
     year = 2010,
    month = may,
  adsnote = {Provided by the SAO/NASA Astrophysics Data System}
}

@Article{zed,
  title = {Determination of the last stable orbit for circular general relativistic binaries at the third post-Newtonian approximation},
  author = {Damour, Thibault  and Jaranowski, Piotr  and Sch\"afer, Gerhard },
  journal = {\PRD},
  volume = {62},
  number = {8},
  pages = {084011},
  numpages = {21},
  year = {2000},
  month = {Sep},
  doi = {10.1103/PhysRevD.62.084011},
  publisher = {American Physical Society}
}

@ARTICLE{boyle,
   author = {{Boyle}, M. and {Brown}, D.~A. and {Kidder}, L.~E. and {Mrou{\'e}}, A.~H. and 
	{Pfeiffer}, H.~P. and {Scheel}, M.~A. and {Cook}, G.~B. and 
	{Teukolsky}, S.~A.},
    title = "{High-accuracy comparison of numerical relativity simulations with post-Newtonian expansions}",
  journal = {\prd},
 keywords = {Post-Newtonian approximation; perturbation theory; related approximations, Numerical relativity, Numerical studies of black holes and black-hole binaries, Gravitational waves: theory},
     year = 2007,
    month = dec,
   volume = 76,
   number = 12,
      eid = {124038},
    pages = {124038},
      doi = {10.1103/PhysRevD.76.124038},
  adsnote = {Provided by the SAO/NASA Astrophysics Data System}
}



@ARTICLE{man,
   author = {{Mandel}, I. and {Brown}, D.~A. and {Gair}, J.~R. and {Miller}, M.~C.},
    title = "{Rates and Characteristics of Intermediate Mass Ratio Inspirals Detectable by Advanced LIGO}",
  journal = {\apj},
archivePrefix = "arXiv",
   eprint = {0705.0285},
 keywords = {Black Hole Physics, Galaxy: Globular Clusters: General, Gravitational Waves},
     year = 2008,
    month = jul,
   volume = 681,
    pages = {1431-1447},
      doi = {10.1086/588246},
   adsurl = {http://adsabs.harvard.edu/abs/2008ApJ...681.1431M},
}

@ARTICLE{Hogg:1999,
   author = {{Hogg}, D.~W.},
    title = "{Distance measures in cosmology}",
  journal = {ArXiv Astrophysics e-prints},
   eprint = {arXiv:astro-ph/9905116},
 keywords = {Astrophysics},
     year = 1999,
    month = may,
  adsnote = {Provided by the SAO/NASA Astrophysics Data System}
}

@ARTICLE{sesa,
   author = {{Sesana}, A. and {Gair}, J. and {Mandel}, I. and {Vecchio}, A.
	},
    title = "{Observing Gravitational Waves from the First Generation of Black Holes}",
  journal = {\apjl},
archivePrefix = "arXiv",
   eprint = {0903.4177},
 primaryClass = "astro-ph.CO",
 keywords = {black hole physics, gravitational waves},
     year = 2009,
    month = jun,
   volume = 698,
    pages = {L129-L132},
      doi = {10.1088/0004-637X/698/2/L129},
  adsnote = {Provided by the SAO/NASA Astrophysics Data System}
}

@ARTICLE{Huerta:2011a,
   author = {{Huerta}, E.~A. and {Gair}, J.~R.},
    title = "{Intermediate-mass-ratio inspirals in the Einstein Telescope. I. Signal-to-noise ratio calculations}",
  journal = {\PRD},
archivePrefix = "arXiv",
   eprint = {1009.1985},
 primaryClass = "gr-qc",
 keywords = {Wave generation and sources, Post-Newtonian approximation; perturbation theory; related approximations},
     year = 2011,
    month = feb,
   volume = 83,
   number = 4,
    pages = {044020-+},
      doi = {10.1103/PhysRevD.83.044020},
  adsnote = {Provided by the SAO/NASA Astrophysics Data System}
}

@ARTICLE{Huerta:2011b,
   author = {{Huerta}, E.~A. and {Gair}, J.~R.},
    title = "{Intermediate-mass-ratio inspirals in the Einstein Telescope. II. Parameter estimation errors}",
  journal = {\PRD},
archivePrefix = "arXiv",
   eprint = {1011.0421},
 primaryClass = "gr-qc",
 keywords = {Wave generation and sources, Post-Newtonian approximation; perturbation theory; related approximations},
     year = 2011,
    month = feb,
   volume = 83,
   number = 4,
    pages = {044021-+},
      doi = {10.1103/PhysRevD.83.044021},
  adsnote = {Provided by the SAO/NASA Astrophysics Data System}
}





@ARTICLE{enrico,
   author = {{Rosswog}, S. and {Ramirez-Ruiz}, E. and {Hix}, W.~R.},
    title = "{Tidal Disruption and Ignition of White Dwarfs by Moderately Massive Black Holes}",
  journal = {\apj},
archivePrefix = "arXiv",
   eprint = {0808.2143},
 keywords = {accretion, accretion disks, black hole physics, globular clusters: general, hydrodynamics, nuclear reactions, nucleosynthesis, abundances},
     year = 2009,
    month = apr,
   volume = 695,
    pages = {404-419},
      doi = {10.1088/0004-637X/695/1/404},
  adsnote = {Provided by the SAO/NASA Astrophysics Data System}
}

@ARTICLE{ligo,
   author = {{Abbott}, B.~P. and others},
    title = "{LIGO: the Laser Interferometer Gravitational-Wave Observatory}",
  journal = {Reports on Progress in Physics},
archivePrefix = "arXiv",
   eprint = {0711.3041},
 primaryClass = "gr-qc",
     year = 2009,
    month = jul,
   volume = 72,
   number = 7,
    pages = {076901-+},
      doi = {10.1088/0034-4885/72/7/076901},
  adsnote = {Provided by the SAO/NASA Astrophysics Data System}
}


@ARTICLE{decigo,
   author = {{Kawamura}, S. and others},
    title = "{The Japanese space gravitational wave antenna---DECIGO}",
  journal = {\CQG},
     year = 2006,
    month = apr,
   volume = 23,
    pages = {125-+},
      doi = {10.1088/0264-9381/23/8/S17},
  adsnote = {Provided by the SAO/NASA Astrophysics Data System}
}



@ARTICLE{geo,
   author = {{Grote}, H. and {the LIGO Scientific Collaboration}},
    title = "{The status of GEO 600}",
  journal = {\CQG},
     year = 2008,
    month = jun,
   volume = 25,
   number = 11,
    pages = {114043-+},
      doi = {10.1088/0264-9381/25/11/114043},
  adsnote = {Provided by the SAO/NASA Astrophysics Data System}
}

@ARTICLE{virgo,
   author = {{Acernese}, F. and others},
    title = "{Virgo status}",
  journal = {\CQG},
     year = 2008,
    month = sep,
   volume = 25,
   number = 18,
    pages = {184001-+},
      doi = {10.1088/0264-9381/25/18/184001},
  adsnote = {Provided by the SAO/NASA Astrophysics Data System}
}


@ARTICLE{kagra,
   author = {{Somiya}, ~K.  and {the KAGRA Collaboration}},
    title = "{Detector configuration of KAGRA-the Japanese cryogenic gravitational-wave detector}",
  journal = {\CQG},
     year = 2012,
    month = jun,
   volume = 29,
   number = 12,
    pages = {124007},
}


@Article{s51,
  title = {Search for gravitational-wave bursts in the first year of the fifth LIGO science run},
  collaboration = {LIGO Scientific Collaboration},
  author = {Abbott, B. P. and others},
  journal = {Phys. Rev. D},
  volume = {80},
  number = {10},
  pages = {102001},
  numpages = {26},
  year = {2009},
  month = {Nov},
  doi = {10.1103/PhysRevD.80.102001},
  publisher = {American Physical Society}
}

@Article{s51.1,
  title = {Search for high frequency gravitational-wave bursts in the first calendar year of LIGO's fifth science run},
  collaboration = {The LIGO Scientific Collaboration},
  author = {Abbott, B. P. and others},
  journal = {Phys. Rev. D},
  volume = {80},
  number = {10},
  pages = {102002},
  numpages = {14},
  year = {2009},
  month = {Nov},
  doi = {10.1103/PhysRevD.80.102002},
  publisher = {American Physical Society}
}

@ARTICLE{s4,
   author = {{Abbott}, B. and others},
    title = "{Search for gravitational-wave bursts in LIGO data from the fourth science run}",
  journal = {\CQG},
archivePrefix = "arXiv",
   eprint = {0704.0943},
 primaryClass = "gr-qc",
     year = 2007,
    month = nov,
   volume = 24,
    pages = {5343-5369},
      doi = {10.1088/0264-9381/24/22/002},
  adsnote = {Provided by the SAO/NASA Astrophysics Data System}
}



@ARTICLE{eobs,
   author = {{Damour}, T.},
    title = "{Coalescence of two spinning black holes: An effective one-body approach}",
  journal = {\PRD},
   eprint = {arXiv:gr-qc/0103018},
 keywords = {Wave generation and sources, Post-Newtonian approximation; perturbation theory; related approximations, Classical black holes, Black holes},
     year = 2001,
    month = dec,
   volume = 64,
   number = 12,
    pages = {124013-+},
      doi = {10.1103/PhysRevD.64.124013},
  adsnote = {Provided by the SAO/NASA Astrophysics Data System}
}

@ARTICLE{ntlo,
   author = {{Damour}, T. and {Jaranowski}, P. and {Sch{\"a}fer}, G.},
    title = "{Effective one body approach to the dynamics of two spinning black holes with next-to-leading order spin-orbit coupling}",
  journal = {\PRD},
archivePrefix = "arXiv",
   eprint = {0803.0915},
 primaryClass = "gr-qc",
 keywords = {Approximation methods; equations of motion, Post-Newtonian approximation; perturbation theory; related approximations},
     year = 2008,
    month = jul,
   volume = 78,
   number = 2,
    pages = {024009-+},
      doi = {10.1103/PhysRevD.78.024009},
  adsnote = {Provided by the SAO/NASA Astrophysics Data System}
}



@ARTICLE{dna,
   author = {{Damour}, T. and {Nagar}, A.},
    title = "{Improved analytical description of inspiralling and coalescing black-hole binaries}",
  journal = {\PRD},
archivePrefix = "arXiv",
   eprint = {0902.0136},
 primaryClass = "gr-qc",
 keywords = {Post-Newtonian approximation; perturbation theory; related approximations, Wave generation and sources},
     year = 2009,
    month = apr,
   volume = 79,
   number = 8,
    pages = {081503-+},
      doi = {10.1103/PhysRevD.79.081503},
  adsnote = {Provided by the SAO/NASA Astrophysics Data System}
}

@ARTICLE{saton,
   author = {{Owen}, B.~J. and {Sathyaprakash}, B.~S.},
    title = "{Matched filtering of gravitational waves from inspiraling compact binaries: Computational cost and template placement}",
  journal = {\prd},
     year = 1999,
    month = jul,
   volume = 60,
   number = 2,
      eid = {022002},
    pages = {022002},
      doi = {10.1103/PhysRevD.60.022002},
  adsnote = {Provided by the SAO/NASA Astrophysics Data System}
}


@ARTICLE{kle,
   author = {{Kidder}, L.~E.},
    title = "{Using full information when computing modes of post-Newtonian waveforms from inspiralling compact binaries in circular orbit}",
  journal = {\prd},
archivePrefix = "arXiv",
   eprint = {0710.0614},
 primaryClass = "gr-qc",
 keywords = {Post-Newtonian approximation; perturbation theory; related approximations, Numerical studies of other relativistic binaries},
     year = 2008,
    month = feb,
   volume = 77,
   number = 4,
      eid = {044016},
    pages = {044016},
      doi = {10.1103/PhysRevD.77.044016},
  adsnote = {Provided by the SAO/NASA Astrophysics Data System}
}



@ARTICLE{eobnon,
   author = {{Buonanno}, A. and {Pan}, Y. and {Pfeiffer}, H.~P. and {Scheel}, M.~A. and 
	{Buchman}, L.~T. and {Kidder}, L.~E.},
    title = "{Effective-one-body waveforms calibrated to numerical relativity simulations: Coalescence of nonspinning, equal-mass black holes}",
  journal = {\PRD},
archivePrefix = "arXiv",
   eprint = {0902.0790},
 primaryClass = "gr-qc",
 keywords = {Numerical relativity, Numerical studies of black holes and black-hole binaries, Post-Newtonian approximation; perturbation theory; related 
approximations, Gravitational waves: theory},
     year = 2009,
    month = jun,
   volume = 79,
   number = 12,
    pages = {124028-+},
      doi = {10.1103/PhysRevD.79.124028},
  adsnote = {Provided by the SAO/NASA Astrophysics Data System}
}

@ARTICLE{gsve,
   author = {{Pan}, Y. and {Buonanno}, A. and {Buchman}, L.~T. and {Chu}, T. and 
	{Kidder}, L.~E. and {Pfeiffer}, H.~P. and {Scheel}, M.~A.},
    title = "{Effective-one-body waveforms calibrated to numerical relativity simulations: Coalescence of nonprecessing, spinning, equal-mass black holes}",
  journal = {\PRD},
archivePrefix = "arXiv",
   eprint = {0912.3466},
 primaryClass = "gr-qc",
 keywords = {Numerical relativity, Numerical studies of black holes and black-hole binaries, Post-Newtonian approximation; perturbation theory; related 
approximations, Gravitational waves: theory},
     year = 2010,
    month = apr,
   volume = 81,
   number = 8,
    pages = {084041-+},
      doi = {10.1103/PhysRevD.81.084041},
  adsnote = {Provided by the SAO/NASA Astrophysics Data System}
}



@ARTICLE{raci,
   author = {{Pan}, Y. and {Buonanno}, A. and {Fujita}, R. and {Racine}, E. and 
	{Tagoshi}, H.},
    title = "{Post-Newtonian factorized multipolar waveforms for spinning, nonprecessing black-hole binaries}",
  journal = {\prd},
archivePrefix = "arXiv",
   eprint = {1006.0431},
 primaryClass = "gr-qc",
 keywords = {Post-Newtonian approximation; perturbation theory; related approximations, Wave generation and sources},
     year = 2011,
    month = mar,
   volume = 83,
   number = 6,
      eid = {064003},
    pages = {064003},
      doi = {10.1103/PhysRevD.83.064003},
  adsnote = {Provided by the SAO/NASA Astrophysics Data System}
}


@ARTICLE{cha,
   author = {{Barausse}, E. and {Racine}, E. and {Buonanno}, A.},
    title = "{Hamiltonian of a spinning test particle in curved spacetime}",
  journal = {\PRD},
archivePrefix = "arXiv",
   eprint = {0907.4745},
 primaryClass = "gr-qc",
 keywords = {Numerical relativity, Numerical studies of black holes and black-hole binaries, Post-Newtonian approximation; perturbation theory; related 
approximations, Gravitational waves: theory},
     year = 2009,
    month = nov,
   volume = 80,
   number = 10,
    pages = {104025-+},
      doi = {10.1103/PhysRevD.80.104025},
  adsnote = {Provided by the SAO/NASA Astrophysics Data System}
}

@ARTICLE{genor,
   author = {{Sundararajan}, P.~A.},
    title = "{Transition from adiabatic inspiral to geodesic plunge for a compact object around a massive Kerr black hole: Generic orbits}",
  journal = {\PRD},
archivePrefix = "arXiv",
   eprint = {0803.4482},
 primaryClass = "gr-qc",
 keywords = {Approximation methods; equations of motion, Gravitational wave detectors and experiments, Black holes},
     year = 2008,
    month = jun,
   volume = 77,
   number = 12,
    pages = {124050-+},
      doi = {10.1103/PhysRevD.77.124050},
  adsnote = {Provided by the SAO/NASA Astrophysics Data System}
}


@ARTICLE{carlos,
   author = {{Lousto}, C.~O. and {Zlochower}, Y.},
    title = "{Orbital Evolution of Extreme-Mass-Ratio Black-Hole Binaries with Numerical Relativity}",
  journal = {Physical Review Letters},
archivePrefix = "arXiv",
   eprint = {1009.0292},
 primaryClass = "gr-qc",
 keywords = {Numerical studies of black holes and black-hole binaries, Post-Newtonian approximation; perturbation theory; related approximations, Wave generation and sources, Classical black holes},
     year = 2011,
    month = jan,
   volume = 106,
   number = 4,
      eid = {041101},
    pages = {041101},
      doi = {10.1103/PhysRevLett.106.041101},
  adsnote = {Provided by the SAO/NASA Astrophysics Data System}
}

@ARTICLE{carlosI,
   author = {{Lousto}, C.~O. and {Nakano}, H. and {Zlochower}, Y. and {Campanelli}, M.
	},
    title = "{Intermediate-mass-ratio black hole binaries: Intertwining numerical and perturbative techniques}",
  journal = {\prd},
archivePrefix = "arXiv",
   eprint = {1008.4360},
 primaryClass = "gr-qc",
 keywords = {Numerical studies of black holes and black-hole binaries, Post-Newtonian approximation; perturbation theory; related approximations, Wave generation and sources, Classical black holes},
     year = 2010,
    month = nov,
   volume = 82,
   number = 10,
      eid = {104057},
    pages = {104057},
      doi = {10.1103/PhysRevD.82.104057},
  adsnote = {Provided by the SAO/NASA Astrophysics Data System}
}

@ARTICLE{carlosII,
   author = {{Nakano}, H. and {Zlochower}, Y. and {Lousto}, C.~O. and {Campanelli}, M.
	},
    title = "{Intermediate-mass-ratio black hole binaries. II. Modeling trajectories and gravitational waveforms}",
  journal = {\prd},
archivePrefix = "arXiv",
   eprint = {1108.4421},
 primaryClass = "gr-qc",
 keywords = {Numerical studies of black holes and black-hole binaries, Post-Newtonian approximation; perturbation theory; related approximations, Wave generation and sources, Classical black holes},
     year = 2011,
    month = dec,
   volume = 84,
   number = 12,
      eid = {124006},
    pages = {124006},
      doi = {10.1103/PhysRevD.84.124006},
  adsnote = {Provided by the SAO/NASA Astrophysics Data System}
}

@ARTICLE{Wen:2003,
   author = {{Wen}, L.},
    title = "{On the Eccentricity Distribution of Coalescing Black Hole Binaries Driven by the Kozai Mechanism in Globular Clusters}",
  journal = {\apj},
   eprint = {arXiv:astro-ph/0211492},
 keywords = {Stars: Binaries: Close, Gravitational Waves, Relativity, Stellar Dynamics},
     year = 2003,
    month = nov,
   volume = 598,
    pages = {419-430},
      doi = {10.1086/378794},
  adsnote = {Provided by the SAO/NASA Astrophysics Data System}
}


@ARTICLE{ares,
   author = {{Wen}, L. and {Chen}, Y.},
    title = "{Geometrical expression for the angular resolution of a network of gravitational-wave detectors}",
  journal = {\PRD},
archivePrefix = "arXiv",
   eprint = {1003.2504},
 primaryClass = "astro-ph.CO",
 keywords = {Gravitational wave detectors and experiments, Observation and data reduction techniques; computer modeling and simulation, Pulsars, Binary and 
multiple stars},
     year = 2010,
    month = apr,
   volume = 81,
   number = 8,
    pages = {082001-+},
      doi = {10.1103/PhysRevD.81.082001},
  adsnote = {Provided by the SAO/NASA Astrophysics Data System}
}

@ARTICLE{ajith,
   author = {{Ajith}, P. and {Babak}, S. and {Chen}, Y. and {Hewitson}, M. and 
	{Krishnan}, B. and {Sintes}, A.~M. and {Whelan}, J.~T. and {Br{\"u}gmann}, B. and 
	{Diener}, P. and {Dorband}, N. and {Gonzalez}, J. and {Hannam}, M. and 
	{Husa}, S. and {Pollney}, D. and {Rezzolla}, L. and {Santamar{\'{\i}}a}, L. and 
	{Sperhake}, U. and {Thornburg}, J.},
    title = "{Template bank for gravitational waveforms from coalescing binary black holes: Nonspinning binaries}",
  journal = {\PRD},
archivePrefix = "arXiv",
   eprint = {0710.2335},
 primaryClass = "gr-qc",
 keywords = {Numerical studies of black holes and black-hole binaries, Post-Newtonian approximation; perturbation theory; related approximations, Wave 
generation and sources},
     year = 2008,
    month = may,
   volume = 77,
   number = 10,
    pages = {104017-+},
      doi = {10.1103/PhysRevD.77.104017},
  adsnote = {Provided by the SAO/NASA Astrophysics Data System}
}

@ARTICLE{fwwd,
   author = {{Gair}, J.~R. and {Mandel}, I. and {Sesana}, A. and {Vecchio}, A.
	},
    title = "{Probing seed black holes using future gravitational-wave detectors}",
  journal = {\CQG},
archivePrefix = "arXiv",
   eprint = {0907.3292},
 primaryClass = "gr-qc",
     year = 2009,
    month = oct,
   volume = 26,
   number = 20,
    pages = {204009-+},
      doi = {10.1088/0264-9381/26/20/204009},
  adsnote = {Provided by the SAO/NASA Astrophysics Data System}
}

@ARTICLE{consis,
   author = {{Vallisneri}, M.},
    title = "{Use and abuse of the Fisher information matrix in the assessment of gravitational-wave parameter-estimation prospects}",
  journal = {\PRD},
   eprint = {arXiv:gr-qc/0703086},
 keywords = {Gravitational wave detectors and experiments, Inference methods, Gravitational radiation detectors; mass spectrometers; and other instrumentation 
and techniques},
     year = 2008,
    month = feb,
   volume = 77,
   number = 4,
    pages = {042001-+},
      doi = {10.1103/PhysRevD.77.042001},
  adsnote = {Provided by the SAO/NASA Astrophysics Data System}
}


@ARTICLE{nic1,
   author = {{Yunes}, N. and {Buonanno}, A. and {Hughes}, S.~A. and {Pan}, Y. and 
	{Barausse}, E. and {Miller}, M.~C. and {Throwe}, W.},
    title = "{Extreme mass-ratio inspirals in the effective-one-body approach: Quasicircular, equatorial orbits around a spinning black hole}",
  journal = {\prd},
archivePrefix = "arXiv",
   eprint = {1009.6013},
 primaryClass = "gr-qc",
 keywords = {Post-Newtonian approximation; perturbation theory; related approximations, Wave generation and sources, Gravitational waves: theory, Gravitational-wave astrophysics},
     year = 2011,
    month = feb,
   volume = 83,
   number = 4,
      eid = {044044},
    pages = {044044},
      doi = {10.1103/PhysRevD.83.044044},
  adsnote = {Provided by the SAO/NASA Astrophysics Data System}
}


@ARTICLE{nic,
   author = {{Yunes}, N. and {Buonanno}, A. and {Hughes}, S.~A. and {Pan}, Y. and 
	{Barausse}, E. and {Miller}, M.~C. and {Throwe}, W.},
    title = "{Extreme Mass-Ratio Inspirals in the Effective-One-Body Approach: Quasi-Circular, Equatorial Orbits around a Spinning Black Hole}",
  journal = {ArXiv e-prints},
archivePrefix = "arXiv",
   eprint = {1009.6013},
 primaryClass = "gr-qc",
 keywords = {General Relativity and Quantum Cosmology},
     year = 2010,
    month = sep,
  adsnote = {Provided by the SAO/NASA Astrophysics Data System}
}

@ARTICLE{tnought,
   author = {{Ajith}, P. and {Bose}, S.},
    title = "{Estimating the parameters of nonspinning binary black holes using ground-based gravitational-wave detectors: Statistical errors}",
  journal = {\PRD},
archivePrefix = "arXiv",
   eprint = {0901.4936},
 primaryClass = "gr-qc",
 keywords = {Gravitational-wave astrophysics, Gravitational waves: theory, Gravitational wave detectors and experiments, Black holes},
     year = 2009,
    month = apr,
   volume = 79,
   number = 8,
    pages = {084032-+},
      doi = {10.1103/PhysRevD.79.084032},
   adsurl = {http://adsabs.harvard.edu/abs/2009PhRvD..79h4032A},
  adsnote = {Provided by the SAO/NASA Astrophysics Data System}
}

@ARTICLE{Leary:2009,
   author = {{O'Leary}, R.~M. and {Kocsis}, B. and {Loeb}, A.},
    title = "{Gravitational waves from scattering of stellar-mass black holes in galactic nuclei}",
  journal = {\mnras},
     year = 2009,
    month = jun,
   volume = 395,
    pages = {2127-2146},
}

@ARTICLE{Oleary:2007,
   author = {{O'Leary}, R.~M. and {O'Shaughnessy}, R. and {Rasio}, F.~A.},
    title = "{Dynamical interactions and the black-hole merger rate of the Universe}",
  journal = {\prd},
   eprint = {arXiv:astro-ph/0701887},
 keywords = {Wave generation and sources, Black holes, Stellar dynamics and kinematics, Stellar clusters and associations},
     year = 2007,
    month = sep,
   volume = 76,
   number = 6,
      eid = {061504},
    pages = {061504},
      doi = {10.1103/PhysRevD.76.061504},
  adsnote = {Provided by the SAO/NASA Astrophysics Data System}
}

@ARTICLE{Oleary:2006,
   author = {{O'Leary}, R.~M. and {Rasio}, F.~A. and {Fregeau}, J.~M. and 
	{Ivanova}, N. and {O'Shaughnessy}, R.},
    title = "{Binary Mergers and Growth of Black Holes in Dense Star Clusters}",
  journal = {\apj},
   eprint = {arXiv:astro-ph/0508224},
 keywords = {Black Hole Physics, Galaxies: Kinematics and Dynamics, Galaxies: Star Clusters, Gravitational Waves},
     year = 2006,
    month = feb,
   volume = 637,
    pages = {937-951},
      doi = {10.1086/498446},
  adsnote = {Provided by the SAO/NASA Astrophysics Data System}
}

@ARTICLE{Taniguchi:2000,
   author = {{Taniguchi}, Y. and {Shioya}, Y. and {Tsuru}, T.~G. and {Ikeuchi}, S.
	},
    title = "{Formation of Intermediate-Mass Black Holes in Circumnuclear Regions of Galaxies}",
  journal = {\pasj},
   eprint = {arXiv:astro-ph/0002389},
 keywords = {BLACK HOLES, GALAXIES: STARBURST, GALAXIES: STAR CLUSTERS, X-RAYS: SOURCES},
     year = 2000,
    month = jun,
   volume = 52,
    pages = {533-537},
   adsurl = {http://adsabs.harvard.edu/abs/2000PASJ...52..533T},
}

@ARTICLE{nat,
   author = {{Sigurdsson}, S. and {Hernquist}, L.},
    title = "{Primordial black holes in globular clusters}",
  journal = {\nat},
 keywords = {BINARY STARS, BLACK HOLES (ASTRONOMY), GLOBULAR CLUSTERS, RED GIANT STARS, STELLAR EVOLUTION, MASSIVE STARS, METALLICITY, STELLAR CORES, STELLAR 
ENVELOPES},
     year = 1993,
    month = jul,
   volume = 364,
    pages = {423-425},
      doi = {10.1038/364423a0},
  adsnote = {Provided by the SAO/NASA Astrophysics Data System}
}

@ARTICLE{schaller,
   author = {{Schaller}, G. and {Schaerer}, D. and {Meynet}, G. and {Maeder}, A.
	},
    title = "{New grids of stellar models from 0.8 to 120 solar masses at Z = 0.020 and Z = 0.001}",
  journal = {\aaps},
 keywords = {COMPUTATIONAL ASTROPHYSICS, STELLAR EVOLUTION, STELLAR MODELS, HERTZSPRUNG-RUSSELL DIAGRAM, MASSIVE STARS, OPTICAL THICKNESS, PHOTOIONIZATION, 
STELLAR ATMOSPHERES, STELLAR ENVELOPES, STELLAR MASS EJECTION},
     year = 1992,
    month = dec,
   volume = 96,
    pages = {269-331},
  adsnote = {Provided by the SAO/NASA Astrophysics Data System}
}

@ARTICLE{freitag,
   author = {{Freitag}, M. and {G{\"u}rkan}, M.~A. and {Rasio}, F.~A.},
    title = "{Runaway collisions in young star clusters - II. Numerical results}",
  journal = {\mnras},
   eprint = {arXiv:astro-ph/0503130},
 keywords = {stellar dynamics, methods: N-body simulations, stars: formation, galaxies: nuclei, galaxies: starburst, galaxies: star clusters},
     year = 2006,
    month = may,
   volume = 368,
    pages = {141-161},
      doi = {10.1111/j.1365-2966.2006.10096.x},
  adsnote = {Provided by the SAO/NASA Astrophysics Data System}
}

@ARTICLE{murray,
   author = {{Murray}, S.~D. and {Lin}, D.~N.~C.},
    title = "{Coalescence, Star Formation, and the Cluster Initial Mass Function}",
  journal = {\apj},
 keywords = {HYDRODYNAMICS, STARS: FORMATION, STARS: LUMINOSITY FUNCTION, MASS FUNCTION},
     year = 1996,
    month = aug,
   volume = 467,
    pages = {728-+},
      doi = {10.1086/177648},
  adsnote = {Provided by the SAO/NASA Astrophysics Data System}
}

@ARTICLE{white,
   author = {{White}, N.~E. and {van Paradijs}, J.},
    title = "{The Galactic Distribution of Black Hole Candidates in Low Mass X-ray Binary Systems}",
  journal = {\apjl},
 keywords = {GALAXY: KINEMATICS AND DYNAMICS, STARS: BINARIES: CLOSE, X-RAYS: GENERAL},
     year = 1996,
    month = dec,
   volume = 473,
    pages = {L25+},
      doi = {10.1086/310380},
  adsnote = {Provided by the SAO/NASA Astrophysics Data System}
}

@ARTICLE{Mouri:2002b,
   author = {{Mouri}, H. and {Taniguchi}, Y.},
    title = "{Mass Segregation in Star Clusters: Analytic Estimation of the Timescale}",
  journal = {\apj},
   eprint = {arXiv:astro-ph/0208053},
 keywords = {Galaxies: Starburst, Galaxies: Star Clusters, Stellar Dynamics},
     year = 2002,
    month = dec,
   volume = 580,
    pages = {844-849},
      doi = {10.1086/343851},
  adsnote = {Provided by the SAO/NASA Astrophysics Data System}
}


@ARTICLE{Mouri:2002a,
   author = {{Mouri}, H. and {Taniguchi}, Y.},
    title = "{Runaway Merging of Black Holes: Analytical Constraint on the Timescale}",
  journal = {\apjl},
   eprint = {arXiv:astro-ph/0201102},
 keywords = {Black Hole Physics, Galaxies: Starburst, Galaxies: Star Clusters},
     year = 2002,
    month = feb,
   volume = 566,
    pages = {L17-L20},
      doi = {10.1086/339472},
  adsnote = {Provided by the SAO/NASA Astrophysics Data System}
}



@ARTICLE{Miller:2002,
   author = {{Miller}, M.~C. and {Hamilton}, D.~P.},
    title = "{Four-Body Effects in Globular Cluster Black Hole Coalescence}",
  journal = {\apj},
   eprint = {arXiv:astro-ph/0202298},
 keywords = {Black Hole Physics, Galaxy: Globular Clusters: General, Gravitational Waves, Stellar Dynamics},
     year = 2002,
    month = sep,
   volume = 576,
    pages = {894-898},
      doi = {10.1086/341788},
  adsnote = {Provided by the SAO/NASA Astrophysics Data System}
}

@ARTICLE{Gultekin:2006,
   author = {{G{\"u}ltekin}, K. and {Miller}, M.~C. and {Hamilton}, D.~P.
	},
    title = "{Three-Body Dynamics with Gravitational Wave Emission}",
  journal = {\apj},
   eprint = {arXiv:astro-ph/0509885},
 keywords = {Black Hole Physics, Galaxies: Star Clusters, Galaxy: Globular Clusters: General, Gravitational Waves, Methods: n-Body Simulations, Stellar Dynamics},
     year = 2006,
    month = mar,
   volume = 640,
    pages = {156-166},
      doi = {10.1086/499917},
  adsnote = {Provided by the SAO/NASA Astrophysics Data System}
}



@ARTICLE{Gultekin:2004,
   author = {{G{\"u}ltekin}, K. and {Miller}, M.~C. and {Hamilton}, D.~P.
	},
    title = "{Growth of Intermediate-Mass Black Holes in Globular Clusters}",
  journal = {\apj},
   eprint = {arXiv:astro-ph/0402532},
 keywords = {Black Hole Physics, Galaxies: Star Clusters, Galaxy: Globular Clusters: General, Stellar Dynamics},
     year = 2004,
    month = nov,
   volume = 616,
    pages = {221-230},
      doi = {10.1086/424809},
  adsnote = {Provided by the SAO/NASA Astrophysics Data System}
}


@ARTICLE{millerham,
   author = {{Miller}, M.~C. and {Hamilton}, D.~P.},
    title = "{Production of intermediate-mass black holes in globular clusters}",
  journal = {\mnras},
   eprint = {arXiv:astro-ph/0106188},
 keywords = {ACCRETION, ACCRETION DISCS, BLACK HOLE PHYSICS, BINARIES: CLOSE, GLOBULAR CLUSTERS: GENERAL, GALAXIES: STARBURST},
     year = 2002,
    month = feb,
   volume = 330,
    pages = {232-240},
      doi = {10.1046/j.1365-8711.2002.05112.x},
  adsnote = {Provided by the SAO/NASA Astrophysics Data System}
}

@ARTICLE{geroch,
   author = {{Geroch}, R.},
    title = "{Multipole Moments. II. Curved Space}",
  journal = {Journal of Mathematical Physics},
     year = 1970,
    month = aug,
   volume = 11,
    pages = {2580-2588},
      doi = {10.1063/1.1665427},
  adsnote = {Provided by the SAO/NASA Astrophysics Data System}
}

@ARTICLE{hansen,
   author = {{Hansen}, R.~O.},
    title = "{Multipole moments of stationary space-times }",
  journal = {Journal of Mathematical Physics},
     year = 1974,
    month = jan,
   volume = 15,
    pages = {46-52},
      doi = {10.1063/1.1666501},
  adsnote = {Provided by the SAO/NASA Astrophysics Data System}
}

@ARTICLE{nonkerr,
   author = {{Barack}, L. and {Cutler}, C.},
    title = "{Using LISA extreme-mass-ratio inspiral sources to test off-Kerr deviations in the geometry of massive black holes}",
  journal = {\PRD},
   eprint = {arXiv:gr-qc/0612029},
 keywords = {Gravitational wave detectors and experiments, Post-Newtonian approximation; perturbation theory; related approximations, Wave generation and 
sources, Experimental tests of gravitational theories},
     year = 2007,
    month = feb,
   volume = 75,
   number = 4,
    pages = {042003-+},
      doi = {10.1103/PhysRevD.75.042003},
  adsnote = {Provided by the SAO/NASA Astrophysics Data System}
}

@ARTICLE{sutton,
   author = {{Sutton}, A.~D. and {Roberts}, T.~P. and {Walton}, D.~J. and 
	{Gladstone}, J.~C. and {Scott}, A.~E.},
    title = "{The most extreme ultraluminous X-ray sources: evidence for intermediate-mass black holes?}",
  journal = {\mnras},
archivePrefix = "arXiv",
   eprint = {1203.4100},
 primaryClass = "astro-ph.HE",
 keywords = {accretion, accretion discs, black hole physics, X rays: binaries, X rays: galaxies},
     year = 2012,
    month = apr,
    pages = {2880},
      doi = {10.1111/j.1365-2966.2012.20944.x},
  adsnote = {Provided by the SAO/NASA Astrophysics Data System}
}

@ARTICLE{Sam:2011,
   author = {{Dolan}, S.~R. and {Barack}, L. and {Wardell}, B.},
    title = "{Self-force via m-mode regularization and 2+1D evolution. II. Scalar-field implementation on Kerr spacetime}",
  journal = {\prd},
archivePrefix = "arXiv",
   eprint = {1107.0012},
 primaryClass = "gr-qc",
 keywords = {Classical black holes},
     year = 2011,
    month = oct,
   volume = 84,
   number = 8,
      eid = {084001},
    pages = {084001},
      doi = {10.1103/PhysRevD.84.084001},
  adsnote = {Provided by the SAO/NASA Astrophysics Data System}
}



@ARTICLE{Fan:2013a,
   author = {{Zhang}, F. and {Szil{\'a}gyi}, B.},
    title = "{Joint approach for reducing eccentricity and spurious gravitational radiation in binary black hole initial data construction}",
  journal = {\prd},
archivePrefix = "arXiv",
   eprint = {1309.1141},
 primaryClass = "gr-qc",
 keywords = {Numerical relativity, Numerical studies of black holes and black-hole binaries, Gravitational waves: theory, Initial value problem existence and uniqueness of solutions},
     year = 2013,
    month = oct,
   volume = 88,
   number = 8,
      eid = {084033},
    pages = {084033},
      doi = {10.1103/PhysRevD.88.084033},
  adsnote = {Provided by the SAO/NASA Astrophysics Data System}
}

@ARTICLE{Fan:2013b,
   author = {{Yang}, H. and {Zhang}, F. and {Zimmerman}, A. and {Chen}, Y.
	},
    title = "{The scalar Green function of the Kerr spacetime}",
  journal = {ArXiv e-prints},
archivePrefix = "arXiv",
   eprint = {1311.3380},
 primaryClass = "gr-qc",
 keywords = {General Relativity and Quantum Cosmology},
     year = 2013,
    month = nov,
  adsnote = {Provided by the SAO/NASA Astrophysics Data System}
}


@ARTICLE{brown,
   author = {{Brown}, D.~A. and {Brink}, J. and {Fang}, H. and {Gair}, J.~R. and 
	{Li}, C. and {Lovelace}, G. and {Mandel}, I. and {Thorne}, K.~S.
	},
    title = "{Prospects for Detection of Gravitational Waves from Intermediate-Mass-Ratio Inspirals}",
  journal = {Physical Review Letters},
   eprint = {arXiv:gr-qc/0612060},
 keywords = {Gravitational wave detectors and experiments, Post-Newtonian approximation; perturbation theory; related approximations, Wave generation and 
sources},
     year = 2007,
    month = nov,
   volume = 99,
   number = 20,
    pages = {201102-+},
      doi = {10.1103/PhysRevLett.99.201102},
  adsnote = {Provided by the SAO/NASA Astrophysics Data System}
}

@ARTICLE{finnthorne,
   author = {{Finn}, L.~S. and {Thorne}, K.~S.},
    title = "{Gravitational waves from a compact star in a circular, inspiral orbit, in the equatorial plane of a massive, spinning black hole, as observed by 
LISA}",
  journal = {\PRD},
   eprint = {arXiv:gr-qc/0007074},
 keywords = {Wave generation and sources, Gravitational wave detectors and experiments, Black holes},
     year = 2000,
    month = dec,
   volume = 62,
   number = 12,
    pages = {124021-+},
      doi = {10.1103/PhysRevD.62.124021},
  adsnote = {Provided by the SAO/NASA Astrophysics Data System}
}


@ARTICLE{luna,
   author = {{Luna}, M. and {Sintes}, A.~M.},
    title = "{Parameter estimation of compact binaries using the inspiral and ringdown waveforms}",
  journal = {\CQG},
   eprint = {arXiv:gr-qc/0601072},
     year = 2006,
    month = jun,
   volume = 23,
    pages = {3763-3782},
      doi = {10.1088/0264-9381/23/11/006},
  adsnote = {Provided by the SAO/NASA Astrophysics Data System}
}

@ARTICLE{fairhurst,
   author = {{Fairhurst}, S.},
    title = "{Source localization with an advanced gravitational wave detector network}",
  journal = {ArXiv e-prints},
archivePrefix = "arXiv",
   eprint = {1010.6192},
 primaryClass = "gr-qc",
 keywords = {General Relativity and Quantum Cosmology, Astrophysics - Cosmology and Extragalactic Astrophysics},
     year = 2010,
    month = oct,
  adsnote = {Provided by the SAO/NASA Astrophysics Data System}
}

@ARTICLE{hams,
   author = {{Barausse}, E. and {Buonanno}, A.},
    title = "{Improved effective-one-body Hamiltonian for spinning black-hole binaries}",
  journal = {\PRD},
archivePrefix = "arXiv",
   eprint = {0912.3517},
 primaryClass = "gr-qc",
 keywords = {Numerical relativity, Numerical studies of black holes and black-hole binaries, Post-Newtonian approximation; perturbation theory; related 
approximations, Gravitational waves: theory},
     year = 2010,
    month = apr,
   volume = 81,
   number = 8,
    pages = {084024-+},
      doi = {10.1103/PhysRevD.81.084024},
  adsnote = {Provided by the SAO/NASA Astrophysics Data System}
}


@ARTICLE{Berti:2006,
   author = {{Berti}, E. and {Cardoso}, V. and {Casals}, M.},
    title = "{Eigenvalues and eigenfunctions of spin-weighted spheroidal harmonics in four and higher dimensions}",
  journal = {\prd},
   eprint = {arXiv:gr-qc/0511111},
 keywords = {Gravity in more than four dimensions, Kaluza-Klein theory, unified field theories; alternative theories of gravity, Ordinary differential equations, Approximations and expansions, Physics of black holes},
     year = 2006,
    month = jan,
   volume = 73,
   number = 2,
      eid = {024013},
    pages = {024013},
      doi = {10.1103/PhysRevD.73.024013},
  adsnote = {Provided by the SAO/NASA Astrophysics Data System}
}

@ARTICLE{unequal,
   author = {{Berti}, E. and {Cardoso}, V. and {Gonzalez}, J.~A. and {Sperhake}, U. and 
	{Hannam}, M. and {Husa}, S. and {Br{\"u}gmann}, B.},
    title = "{Inspiral, merger, and ringdown of unequal mass black hole binaries: A multipolar analysis}",
  journal = {\PRD},
   eprint = {arXiv:gr-qc/0703053},
 keywords = {Numerical relativity, Post-Newtonian approximation; perturbation theory; related approximations, Wave generation and sources, Classical black 
holes},
     year = 2007,
    month = sep,
   volume = 76,
   number = 6,
    pages = {064034-+},
      doi = {10.1103/PhysRevD.76.064034},
  adsnote = {Provided by the SAO/NASA Astrophysics Data System}
}

@ARTICLE{wyller,
   author = {{Wyller}, A.~A.},
    title = "{Observational Aspects of Black Holes in Globular Clusters}",
  journal = {\apj},
     year = 1970,
    month = may,
   volume = 160,
    pages = {443-+},
      doi = {10.1086/150445},
  adsnote = {Provided by the SAO/NASA Astrophysics Data System}
}

@ARTICLE{bahcall,
   author = {{Bahcall}, J.~N. and {Ostriker}, J.~P.},
    title = "{Massive black holes in globular clusters}",
  journal = {\nat},
 keywords = {BLACK HOLES (ASTRONOMY), GLOBULAR CLUSTERS, STELLAR EVOLUTION, X RAY SOURCES, ASTRONOMICAL MODELS, ESCAPE VELOCITY, GRAVITATIONAL COLLAPSE, MASS 
TRANSFER, RELAXATION TIME, STELLAR MASS},
     year = 1975,
    month = jul,
   volume = 256,
    pages = {23-+},
      doi = {10.1038/256023a0},
  adsnote = {Provided by the SAO/NASA Astrophysics Data System}
}

@ARTICLE{frank,
   author = {{Frank}, J. and {Rees}, M.~J.},
    title = "{Effects of massive central black holes on dense stellar systems}",
  journal = {\mnras},
 keywords = {BLACK HOLES (ASTRONOMY), GALACTIC NUCLEI, GLOBULAR CLUSTERS, STAR DISTRIBUTION, ANGULAR MOMENTUM, ASTRODYNAMICS, GALACTIC STRUCTURE, ORBITAL 
VELOCITY, QUASARS, STELLAR MASS, VELOCITY DISTRIBUTION},
     year = 1976,
    month = sep,
   volume = 176,
    pages = {633-647},
  adsnote = {Provided by the SAO/NASA Astrophysics Data System}
}

@ARTICLE{AD,
   author = {{Abadie}, J.  and others},
    title = "{TOPICAL REVIEW:  Predictions for the rates of compact binary coalescences observable by ground-based gravitational-wave detectors}",
  journal = {\CQG},
     year = 2010,
    month = sep,
   volume = 27,
   number = 17,
    pages = {173001-+},
}



@ARTICLE{LRP,
author = {{Poisson}, E. and {Pound}, A. and {Vega}, I.},
    title = "{The Motion of Point Particles in Curved Spacetime}",
  journal = {Living Reviews in Relativity},
archivePrefix = "arXiv",
   eprint = {1102.0529},
 primaryClass = "gr-qc",
 keywords = {electromagnetic field, point particles, equations of motion, self force, radiation reaction, scalar field, curved spacetime, gravitation},
     year = 2011,
    month = sep,
   volume = 14,
    pages = {7},
      doi = {10.12942/lrr-2011-7},
  adsnote = {Provided by the SAO/NASA Astrophysics Data System}
}





@ARTICLE{SFB,
   author = {{Barack}, L.},
    title = "{TOPICAL REVIEW:  Gravitational self-force in extreme mass-ratio inspirals}",
  journal = {\CQG},
archivePrefix = "arXiv",
   eprint = {0908.1664},
 primaryClass = "gr-qc",
     year = 2009,
    month = nov,
   volume = 26,
   number = 21,
    pages = {213001-+},
      doi = {10.1088/0264-9381/26/21/213001},
  adsnote = {Provided by the SAO/NASA Astrophysics Data System}
}

@ARTICLE{Foucart:2012,
author = {{Foucart}, F. and {Deaton}, M.~B. and {Duez}, M.~D. and {Kidder}, L.~E. and 
	{MacDonald}, I. and {Ott}, C.~D. and {Pfeiffer}, H.~P. and {Scheel}, M.~A. and 
	{Szilagyi}, B. and {Teukolsky}, S.~A.},
    title = "{Black-hole-neutron-star mergers at realistic mass ratios: Equation of state and spin orientation effects}",
  journal = {\prd},
archivePrefix = "arXiv",
   eprint = {1212.4810},
 primaryClass = "gr-qc",
 keywords = {Numerical studies of black holes and black-hole binaries, Gravitational waves: theory, Relativistic stars: structure stability and oscillations, Relativistic fluid dynamics},
     year = 2013,
    month = apr,
   volume = 87,
   number = 8,
      eid = {084006},
    pages = {084006},
      doi = {10.1103/PhysRevD.87.084006},
  adsnote = {Provided by the SAO/NASA Astrophysics Data System}
}


@ARTICLE{buho,
author = {{Pan}, Y. and {Buonanno}, A. and {Boyle}, M. and {Buchman}, L.~T. and 
	{Kidder}, L.~E. and {Pfeiffer}, H.~P. and {Scheel}, M.~A.},
    title = "{Inspiral-merger-ringdown multipolar waveforms of nonspinning black-hole binaries using the effective-one-body formalism}",
  journal = {\prd},
archivePrefix = "arXiv",
   eprint = {1106.1021},
 primaryClass = "gr-qc",
 keywords = {Numerical relativity, Numerical studies of black holes and black-hole binaries, Post-Newtonian approximation, perturbation theory, related approximations, Gravitational waves: theory},
     year = 2011,
    month = dec,
   volume = 84,
   number = 12,
      eid = {124052},
    pages = {124052},
      doi = {10.1103/PhysRevD.84.124052},
  adsnote = {Provided by the SAO/NASA Astrophysics Data System}
}

@ARTICLE{favata,
   author = {{Favata}, M.},
    title = "{Conservative self-force correction to the innermost stable circular orbit: Comparison with multiple post-Newtonian-based methods}",
  journal = {\PRD},
archivePrefix = "arXiv",
   eprint = {1008.4622},
 primaryClass = "gr-qc",
 keywords = {Post-Newtonian approximation; perturbation theory; related approximations, Approximation methods; equations of motion, Numerical relativity, 
Gravitational waves: theory},
     year = 2011,
    month = jan,
   volume = 83,
   number = 2,
    pages = {024027-+},
      doi = {10.1103/PhysRevD.83.024027},
  adsnote = {Provided by the SAO/NASA Astrophysics Data System}
}

@ARTICLE{sagoec,
   author = {{Barack}, L. and {Sago}, N.},
    title = "{Gravitational self-force on a particle in eccentric orbit around a Schwarzschild black hole}",
  journal = {\PRD},
archivePrefix = "arXiv",
   eprint = {1002.2386},
 primaryClass = "gr-qc",
 keywords = {Post-Newtonian approximation; perturbation theory; related approximations, Wave generation and sources, Self-gravitating systems; continuous 
media and classical fields in curved spacetime, Classical black holes},
     year = 2010,
    month = apr,
   volume = 81,
   number = 8,
    pages = {084021-+},
      doi = {10.1103/PhysRevD.81.084021},
  adsnote = {Provided by the SAO/NASA Astrophysics Data System}
}

@ARTICLE{warleor,
   author = {{Warburton}, N. and {Barack}, L.},
    title = "{Self-force on a scalar charge in Kerr spacetime: Circular equatorial orbits}",
  journal = {\PRD},
archivePrefix = "arXiv",
   eprint = {1003.1860},
 primaryClass = "gr-qc",
 keywords = {Post-Newtonian approximation; perturbation theory; related approximations, Approximation methods; equations of motion, Classical black holes},
     year = 2010,
    month = apr,
   volume = 81,
   number = 8,
    pages = {084039-+},
      doi = {10.1103/PhysRevD.81.084039},
  adsnote = {Provided by the SAO/NASA Astrophysics Data System}
}

@ARTICLE{han,
   author = {{Han}, {W.-B.}},
    title = "{Gravitational radiation from a spinning compact object around a supermassive Kerr black hole in circular orbit}",
  journal = {\PRD},
archivePrefix = "arXiv",
   eprint = {1008.3324},
 primaryClass = "gr-qc",
 keywords = {Wave generation and sources, Post-Newtonian approximation; perturbation theory; related approximations, Gravitational waves: theory, Relativity 
and gravitation},
     year = 2010,
    month = oct,
   volume = 82,
   number = 8,
    pages = {084013-+},
      doi = {10.1103/PhysRevD.82.084013},
  adsnote = {Provided by the SAO/NASA Astrophysics Data System}
}

@ARTICLE{war,
   author = {{Warburton}, N. and {Barack}, L.},
    title = "{Self force on a scalar charge in Kerr spacetime: eccentric equatorial orbits}",
  journal = {ArXiv e-prints},
archivePrefix = "arXiv",
   eprint = {1103.0287},
 primaryClass = "gr-qc",
 keywords = {General Relativity and Quantum Cosmology, Astrophysics - High Energy Astrophysical Phenomena},
     year = 2011,
    month = mar,
  adsnote = {Provided by the SAO/NASA Astrophysics Data System}
}

@ARTICLE{cani,
   author = {{Canizares}, P. and {Sopuerta}, C.~F. and {Jaramillo}, J.~L.},
    title = "{Pseudospectral collocation methods for the computation of the self-force on a charged particle: Generic orbits around a Schwarzschild black 
hole}",
  journal = {\PRD},
archivePrefix = "arXiv",
   eprint = {1006.3201},
 primaryClass = "gr-qc",
 keywords = {Wave generation and sources, Relativistic stars: structure, stability, and oscillations, Relativity and gravitation, Pulsations, oscillations, 
and stellar seismology},
     year = 2010,
    month = aug,
   volume = 82,
   number = 4,
    pages = {044023-+},
      doi = {10.1103/PhysRevD.82.044023},
  adsnote = {Provided by the SAO/NASA Astrophysics Data System}
}





@ARTICLE{cart,
   author = {{Carter}, B.},
    title = "{Axisymmetric Black Hole Has Only Two Degrees of Freedom}",
  journal = {Physical Review Letters},
     year = 1971,
    month = feb,
   volume = 26,
    pages = {331-333},
      doi = {10.1103/PhysRevLett.26.331},
  adsnote = {Provided by the SAO/NASA Astrophysics Data System}
}@ARTICLE{2004PhRvD..69l4022C,
   author = {{Collins}, N.~A. and {Hughes}, S.~A.},
    title = "{Towards a formalism for mapping the spacetimes of massive compact objects: Bumpy black holes and their orbits}",
  journal = {\PRD},
   eprint = {arXiv:gr-qc/0402063},
 keywords = {Post-Newtonian approximation; perturbation theory; related approximations, Wave generation and sources, Classical black holes},
     year = 2004,
    month = jun,
   volume = 69,
   number = 12,
    pages = {124022-+},
      doi = {10.1103/PhysRevD.69.124022},
   adsurl = {http://adsabs.harvard.edu/abs/2004PhRvD..69l4022C},
  adsnote = {Provided by the SAO/NASA Astrophysics Data System}
}





@ARTICLE{penr,
   author = {{Penrose}, R.},
    title = "{Gravitational Collapse: the Role of General Relativity}",
  journal = {Nuovo Cimento Rivista Serie},
     year = 1969,
   volume = 1,
    pages = {252-+},
   adsurl = {http://adsabs.harvard.edu/abs/1969NCimR...1..252P},
  adsnote = {Provided by the SAO/NASA Astrophysics Data System}
}

@ARTICLE{coliu,
   author = {{Collins}, N.~A. and {Hughes}, S.~A.},
    title = "{Towards a formalism for mapping the spacetimes of massive compact objects: Bumpy black holes and their orbits}",
  journal = {\PRD},
   eprint = {arXiv:gr-qc/0402063},
 keywords = {Post-Newtonian approximation; perturbation theory; related approximations, Wave generation and sources, Classical black holes},
     year = 2004,
    month = jun,
   volume = 69,
   number = 12,
    pages = {124022-+},
      doi = {10.1103/PhysRevD.69.124022},
  adsnote = {Provided by the SAO/NASA Astrophysics Data System}
}

@ARTICLE{gasy,
   author = {{Gair}, J.~R.},
    title = "{The black hole symphony: probing new physics using gravitational waves}",
  journal = {Royal Society of London Philosophical Transactions Series A},
     year = 2008,
    month = dec,
   volume = 366,
    pages = {4365-4379},
      doi = {10.1098/rsta.2008.0170},
  adsnote = {Provided by the SAO/NASA Astrophysics Data System}
}

@ARTICLE{mock34,
   author = {{Babak}, S. and {Baker}, J.~G. and {Benacquista}, M.~J. and 
	{Cornish}, N.~J. and {Larson}, S.~L. and {Mandel}, I. and {McWilliams}, S.~T. and 
	{Petiteau}, A. and {Porter}, E.~K. and {Robinson}, E.~L. and 
	{Vallisneri}, M. and {Vecchio}, A. and {Data Challenge Task Force}, t.~M.~L. and 
	{Adams}, M. and {Arnaud}, K.~A. and {B{\l}aut}, A. and {Bridges}, M. and 
	{Cohen}, M. and {Cutler}, C. and {Feroz}, F. and {Gair}, J.~R. and 
	{Graff}, P. and {Hobson}, M. and {Shapiro Key}, J. and {Kr{\'o}lak}, A. and 
	{Lasenby}, A. and {Prix}, R. and {Shang}, Y. and {Trias}, M. and 
	{Veitch}, J. and {Whelan}, J.~T. and {participants}, t.~C.~3
	},
    title = "{The Mock LISA Data Challenges: from challenge 3 to challenge 4}",
  journal = {\CQG},
archivePrefix = "arXiv",
   eprint = {0912.0548},
 primaryClass = "gr-qc",
     year = 2010,
    month = apr,
   volume = 27,
   number = 8,
    pages = {084009-+},
      doi = {10.1088/0264-9381/27/8/084009},
  adsnote = {Provided by the SAO/NASA Astrophysics Data System}
}

@ARTICLE{ltf,
   author = {{Arun}, K.~G. and {Babak}, S. and {Berti}, E. and {Cornish}, N. and 
	{Cutler}, C. and {Gair}, J. and {Hughes}, S.~A. and {Iyer}, B.~R. and 
	{Lang}, R.~N. and {Mandel}, I. and {Porter}, E.~K. and {Sathyaprakash}, B.~S. and 
	{Sinha}, S. and {Sintes}, A.~M. and {Trias}, M. and {Van Den Broeck}, C. and 
	{Volonteri}, M.},
    title = "{Massive black-hole binary inspirals: results from the LISA parameter estimation taskforce}",
  journal = {\CQG},
archivePrefix = "arXiv",
   eprint = {0811.1011},
 primaryClass = "gr-qc",
     year = 2009,
    month = may,
   volume = 26,
   number = 9,
    pages = {094027-+},
      doi = {10.1088/0264-9381/26/9/094027},
  adsnote = {Provided by the SAO/NASA Astrophysics Data System}
}

@Article{BabaketalBankPlacement,
      author         = "Babak, S. and Balasubramanian, R. and Churches, D. and
                        Cokelaer, T. and Sathyaprakash, B.S.",
      title          = "{A Template bank to search for gravitational waves from
                        inspiralling compact binaries. I. Physical models}",
      journal        = "Class.Quant.Grav.",
      volume         = "23",
      pages          = "5477-5504",
      year           = "2006",
}

@ARTICLE{mock1B3,
   author = {{Babak}, S. and {Baker}, J.~G. and {Benacquista}, M.~J. and 
	{Cornish}, N.~J. and {Crowder}, J. and {Larson}, S.~L. and {Plagnol}, E. and 
	{Porter}, E.~K. and {Vallisneri}, M. and {Vecchio}, A. and {Data Challenge Task Force}, T.~M.~L. and 
	{Arnaud}, K. and {Barack}, L. and {B{\l}aut}, A. and {Cutler}, C. and 
	{Fairhurst}, S. and {Gair}, J. and {Gong}, X. and {Harry}, I. and 
	{Khurana}, D. and {Kr{\'o}lak}, A. and {Mandel}, I. and {Prix}, R. and 
	{Sathyaprakash}, B.~S. and {Savov}, P. and {Shang}, Y. and {Trias}, M. and 
	{Veitch}, J. and {Wang}, Y. and {Wen}, L. and {Whelan}, J.~T. and 
	{Challenge-1B participants}, t.},
    title = "{The Mock LISA Data Challenges: from Challenge 1B to Challenge 3}",
  journal = {\CQG},
archivePrefix = "arXiv",
   eprint = {0806.2110},
 primaryClass = "gr-qc",
     year = 2008,
    month = sep,
   volume = 25,
   number = 18,
    pages = {184026-+},
      doi = {10.1088/0264-9381/25/18/184026},
  adsnote = {Provided by the SAO/NASA Astrophysics Data System}
}

@ARTICLE{GMH,
   author = {{Gair}, J.~R. and {Porter}, E. and {Babak}, S. and {Barack}, L.
	},
    title = "{A constrained Metropolis Hastings search for EMRIs in the Mock LISA Data Challenge 1B}",
  journal = {\CQG},
archivePrefix = "arXiv",
   eprint = {0804.3322},
 primaryClass = "gr-qc",
     year = 2008,
    month = sep,
   volume = 25,
   number = 18,
    pages = {184030-+},
      doi = {10.1088/0264-9381/25/18/184030},
  adsnote = {Provided by the SAO/NASA Astrophysics Data System}
}

@ARTICLE{ITFG,
   author = {{Gair}, J.~R. and {Mandel}, I. and {Wen}, L.},
    title = "{Improved time frequency analysis of extreme-mass-ratio inspiral signals in mock LISA data}",
  journal = {\CQG},
archivePrefix = "arXiv",
   eprint = {0804.1084},
 primaryClass = "gr-qc",
     year = 2008,
    month = sep,
   volume = 25,
   number = 18,
    pages = {184031-+},
      doi = {10.1088/0264-9381/25/18/184031},
  adsnote = {Provided by the SAO/NASA Astrophysics Data System}
}

@ARTICLE{GWen,
   author = {{Gair}, J. and {Wen}, L.},
    title = "{Detecting extreme mass ratio inspirals with LISA using time frequency methods: II. Search characterization}",
  journal = {\CQG},
   eprint = {arXiv:gr-qc/0506116},
     year = 2005,
    month = sep,
   volume = 22,
    pages = {1359-+},
      doi = {10.1088/0264-9381/22/18/S49},
  adsnote = {Provided by the SAO/NASA Astrophysics Data System}
}

@ARTICLE{dirac,
   author = {{Dirac}, P.~A.~M.},
    title = "{Classical Theory of Radiating Electrons}",
  journal = {Royal Society of London Proceedings Series A},
     year = 1938,
    month = aug,
   volume = 167,
    pages = {148-169},
  adsnote = {Provided by the SAO/NASA Astrophysics Data System}
}

@ARTICLE{dewitt,
   author = {{Dewitt}, B.~S. and {Brehme}, R.~W.},
    title = "{Radiation damping in a gravitational field}",
  journal = {Annals of Physics},
     year = 1960,
    month = feb,
   volume = 9,
    pages = {220-259},
      doi = {10.1016/0003-4916(60)90030-0},
  adsnote = {Provided by the SAO/NASA Astrophysics Data System}
}

@ARTICLE{hobbs,
   author = {{Hobbs}, J.~M.},
    title = "{A vierbein formalism of radiation damping}",
  journal = {Annals of Physics},
     year = 1968,
    month = mar,
   volume = 47,
    pages = {141-165},
      doi = {10.1016/0003-4916(68)90231-5},
  
  adsnote = {Provided by the SAO/NASA Astrophysics Data System}
}



@ARTICLE{saul,
   author = {{Teukolsky}, S.~A.},
    title = "{Perturbations of a Rotating Black Hole. I. Fundamental Equations for Gravitational, Electromagnetic, and Neutrino-Field Perturbations}",
  journal = {\apj},
     year = 1973,
    month = oct,
   volume = 185,
    pages = {635-648},
      doi = {10.1086/152444},
  adsnote = {Provided by the SAO/NASA Astrophysics Data System}
}

@ARTICLE{sasamu,
   author = {{Sasaki}, M. and {Nakamura}, T.},
    title = "{Gravitational Radiation from a Kerr Black Hole. I ---Formulation and a Method for Numerical Analysis---}",
  journal = {Progress of Theoretical Physics},
     year = 1982,
    month = jun,
   volume = 67,
    pages = {1788-1809},
      doi = {10.1143/PTP.67.1788},
  adsnote = {Provided by the SAO/NASA Astrophysics Data System}
}

@ARTICLE{ramesh,
   author = {{Narayan}, R.},
    title = "{Hydrodynamic Drag on a Compact Star Orbiting a Supermassive Black Hole}",
  journal = {\apj},
   eprint = {arXiv:astro-ph/9907328},
 keywords = {Accretion, Accretion Disks, Black Hole Physics, Galaxies: Nuclei, Gravitation, Relativity},
     year = 2000,
    month = jun,
   volume = 536,
    pages = {663-667},
      doi = {10.1086/308956},
  adsnote = {Provided by the SAO/NASA Astrophysics Data System}
}

@ARTICLE{hinder,
   author = {{Hinder}, I. and {Herrmann}, F. and {Laguna}, P. and {Shoemaker}, D.
	},
    title = "{Comparisons of eccentric binary black hole simulations with post-Newtonian models}",
  journal = {\prd},
 keywords = {Numerical relativity, Numerical studies of black holes and black-hole binaries, Post-Newtonian approximation; perturbation theory; related approximations},
     year = 2010,
    month = jul,
   volume = 82,
   number = 2,
      eid = {024033},
    pages = {024033},
      doi = {10.1103/PhysRevD.82.024033},
  adsnote = {Provided by the SAO/NASA Astrophysics Data System}
}


@ARTICLE{vac,
   author = {{Gair}, J.~R. and {Flanagan}, {\'E}.~{\'E}. and {Drasco}, S. and 
	{Hinderer}, T. and {Babak}, S.},
    title = "{Forced motion near black holes}",
  journal = {\PRD},
archivePrefix = "arXiv",
   eprint = {1012.5111},
 primaryClass = "gr-qc",
 keywords = {Wave generation and sources, Post-Newtonian approximation; perturbation theory; related approximations},
     year = 2011,
    month = feb,
   volume = 83,
   number = 4,
    pages = {044037-+},
      doi = {10.1103/PhysRevD.83.044037},
  adsnote = {Provided by the SAO/NASA Astrophysics Data System}
}

@BOOK{kenbook,
   author = {{Kennefick}, D.},
    title = "{Traveling at the Speed of Thought: Einstein and the Quest for Gravitational Waves}",
booktitle = {Traveling at the Speed of Thought: Einstein and the Quest for Gravitational Waves, by Daniel Kennefick.~ISBN-10 0-691-11727-6; ISBN-13 
978-0-691-11727-0.~Published by Princeton University Press, Princeton, NJ USA, 2007.},
     year = 2007,
publisher = {Princeton University Press},
  adsnote = {Provided by the SAO/NASA Astrophysics Data System}
}


@ARTICLE{lisacapt,
   author = {{Barack}, L. and {Cutler}, C.},
    title = "{Confusion noise from LISA capture sources}",
  journal = {\PRD},
   eprint = {arXiv:gr-qc/0409010},
 keywords = {Gravitational wave detectors and experiments, Wave generation and sources},
     year = 2004,
    month = dec,
   volume = 70,
   number = 12,
    pages = {122002-+},
      doi = {10.1103/PhysRevD.70.122002},
  adsnote = {Provided by the SAO/NASA Astrophysics Data System}
}

@ARTICLE{maeda,
   author = {{Saijo}, M. and {Maeda}, {K.-I.} and {Shibata}, M. and 
{Mino}, Y. },
    title = "{Gravitational waves from a spinning particle plunging into a 
Kerr black hole}",
  journal = {\PRD},
 keywords = {Wave generation and sources, Post-Newtonian approximation; 
perturbation theory; related approximations},
     year = 1998,
    month = sep,
   volume = 58,
   number = 6,
    pages = {064005-+},
      doi = {10.1103/PhysRevD.58.064005},
  adsnote = {Provided by the SAO/NASA Astrophysics Data System}
}

@ARTICLE{Burko:2012,
   author = {{Burko}, L.~M. and {Khanna}, G.},
    title = "{Self-force gravitational waveforms for extreme and intermediate mass ratio inspirals. II. Importance of the second-order dissipative effect}",
  journal = {\prd},
archivePrefix = "arXiv",
   eprint = {1304.5296},
 primaryClass = "gr-qc",
 keywords = {Approximation methods; equations of motion, Numerical studies of black holes and black-hole binaries, Post-Newtonian approximation; perturbation theory; related approximations, Classical black holes},
     year = 2013,
    month = jul,
   volume = 88,
   number = 2,
      eid = {024002},
    pages = {024002},
      doi = {10.1103/PhysRevD.88.024002},
  adsnote = {Provided by the SAO/NASA Astrophysics Data System}
}



@ARTICLE{burko,
   author = {{Burko}, L.~M.},
    title = "{Orbital evolution of a test particle around a black hole. 
II. Comparison of contributions of spin-orbit coupling and the 
self-force}",
  journal = {\PRD},
   eprint = {arXiv:gr-qc/0308003},
 keywords = {Approximation methods; equations of motion, Wave generation 
and sources, Classical black holes},
     year = 2004,
    month = feb,
   volume = 69,
   number = 4,
    pages = {044011-+},
      doi = {10.1103/PhysRevD.69.044011},
  adsnote = {Provided by the SAO/NASA Astrophysics Data System}
}

@BOOK{legacy,
   author = {{Thorne}, K.~S.},
    title = "{Black holes and time warps: Einstein's outrageous legacy}",
booktitle = {Commonwealth Fund Book Program, New York, NY: W.W.~Norton and 
London: Picador, |c1994},
     year = 1994,
   editor = "{Thorne, K.~S.}",
  adsnote = {Provided by the SAO/NASA Astrophysics Data System}
}


@ARTICLE{baracknewphi,
   author = {{Sago}, N. and {Barack}, L. and {Detweiler}, S.},
    title = "{Two approaches for the gravitational self-force in black hole spacetime: 
Comparison of numerical results}",
  journal = {\PRD},
archivePrefix = "arXiv",
   eprint = {0810.2530},
 primaryClass = "gr-qc",
 keywords = {Post-Newtonian approximation; perturbation theory; related approximations, Wave 
generation and sources, Classical black holes},
     year = 2008,
    month = dec,
   volume = 78,
   number = 12,
    pages = {124024-+},
      doi = {10.1103/PhysRevD.78.124024},
  adsnote = {Provided by the SAO/NASA Astrophysics Data System}
}

@ARTICLE{smallbody,
   author = {{Huerta}, E.~A. and {Gair}, J.~R.},
    title = "{Importance of including small body spin effects in the modelling of extreme and intermediate mass-ratio inspirals}",
  journal = {\prd},
archivePrefix = "arXiv",
   eprint = {1105.3567},
 primaryClass = "gr-qc",
 keywords = {Wave generation and sources, Post-Newtonian approximation; perturbation theory; related approximations, Classical black holes},
     year = 2011,
    month = sep,
   volume = 84,
   number = 6,
    pages = {064023-+},
      doi = {10.1103/PhysRevD.84.064023},
   adsurl = {http://adsabs.harvard.edu/abs/2011PhRvD..84f4023H},
  adsnote = {Provided by the SAO/NASA Astrophysics Data System}
}


@ARTICLE{buoII,
   author = {{Blanchet}, L. and {Buonanno}, A. and {Faye}, G.},
    title = "{Higher-order spin effects in the dynamics of compact binaries. II. Radiation field}",
  journal = {\prd},
   eprint = {arXiv:gr-qc/0605140},
 keywords = {Gravitational waves: theory, Approximation methods; equations of motion},
     year = 2006,
    month = nov,
   volume = 74,
   number = 10,
    pages = {104034-+},
      doi = {10.1103/PhysRevD.74.104034},
  adsnote = {Provided by the SAO/NASA Astrophysics Data System}
}


@ARTICLE{bur,
  author = {Buonanno, Alessandra and Damour, Thibault},
  volume = {62},
  journal = {\PRD},
  month = {Aug},
  numpages = {24},
  title = {Transition from inspiral to plunge in binary black hole coalescences},
  year = {2000},
  doi = {10.1103/PhysRevD.62.064015},
  issue = {6},
  publisher = {American Physical Society},
  pages = {064015}
}

@ARTICLE{damsh,
   author = {{Damour}, T.},
    title = "{Gravitational self-force in a Schwarzschild background and the effective one-body formalism}",
  journal = {\prd},
archivePrefix = "arXiv",
   eprint = {0910.5533},
 primaryClass = "gr-qc",
 keywords = {Post-Newtonian approximation; perturbation theory; related approximations},
     year = 2010,
    month = jan,
   volume = 81,
   number = 2,
      eid = {024017},
    pages = {024017},
      doi = {10.1103/PhysRevD.81.024017},
  adsnote = {Provided by the SAO/NASA Astrophysics Data System}
}



% ------------------------------------------------------------------------



