@article{0264-9381-21-20-005,
  author={Duncan A Brown and Stanislav Babak and Patrick R Brady and Nelson Christensen and Thomas Cokelaer and Jolien D E Creighton and Stephen Fairhurst and Gabriela Gonz\'{a}lez and Eirini Messaritaki and B S Sathyaprakash and Peter Shawhan and Natalia Zotov},
  title={Searching for gravitational waves from binary inspirals with LIGO},
  journal={Classical and Quantum Gravity},
  volume={21},
  number={20},
  pages={S1625-S1633},
  year={2004},
}

@Article{Abbott:2004rt,
     author    = "Abbott, B. and others",
 collaboration = "LIGO",
     title     = "First upper limits from LIGO on gravitational wave bursts",
     journal   = "Phys. Rev.",
     volume    = "D69",
     year      = "2004",
     pages     = "102001",
     SLACcitation  = "%%CITATION = PHRVA,D69,102001;%%"
}

@Article{Abbott:2003hr,
     author    = "Abbott, B. and others",
 collaboration = "LIGO Scientific",
     title     = "Analysis of first LIGO science data for stochastic
                  gravitational waves",
     journal   = "Phys. Rev.",
     volume    = "D69",
     year      = "2004",
     pages     = "122004",
     eprint    = "gr-qc/0312088",
     SLACcitation  = "%%CITATION = GR-QC 0312088;%%"
}

@Article{Abbott:2003pj,
     author    = "Abbott, B. and others",
 collaboration = "LIGO Scientific",
     title     = "Analysis of LIGO data for gravitational waves from binary
                  neutron stars",
     journal   = "Phys. Rev.",
     volume    = "D69",
     year      = "2004",
     pages     = "122001",
     eprint    = "gr-qc/0308069",
     SLACcitation  = "%%CITATION = GR-QC 0308069;%%"
}

@Article{Brown:2003vd,
     author    = "Brown, Duncan A.",
 collaboration = "LIGO Scientific",
     title     = "Testing the LIGO inspiral analysis with hardware
                  injections",
     journal   = "Class. Quant. Grav.",
     volume    = "21",
     year      = "2004",
     pages     = "S797-S800",
     eprint    = "gr-qc/0312031",
     SLACcitation  = "%%CITATION = GR-QC 0312031;%%"
}

@Article{Abbott:2003yq,
     author    = "Abbott, B. and others",
 collaboration = "LIGO Scientific",
     title     = "Setting upper limits on the strength of periodic
                  gravitational waves using the first science data from the
                  GEO 600 and LIGO detectors",
     journal   = "Phys. Rev.",
     volume    = "D69",
     year      = "2004",
     pages     = "082004",
     eprint    = "gr-qc/0308050",
     SLACcitation  = "%%CITATION = GR-QC 0308050;%%"
}

@Article{Abbott:2003vs,
     author    = "Abbott, B. and others",
 collaboration = "LIGO Scientific",
     title     = "Detector description and performance for the first
                  coincidence observations between LIGO and GEO",
     journal   = "Nucl. Instrum. Meth.",
     volume    = "A517",
     year      = "2004",
     pages     = "154-179",
     eprint    = "gr-qc/0308043",
     SLACcitation  = "%%CITATION = GR-QC 0308043;%%"
}
