@book{mtw,
   author =    {C. W. Misner and K. S. Thorne and J. A. Wheeler},
   title =     {Gravitation},
   publisher = {Freeman},
   year =      1973,
}
