@Article{S6DetChar,
    author = "J. Aasi et al. (LIGO Scientific Collaboration and Virgo Scientific Collaboration)",
    title = "{Characterization of the LIGO Detectors during their Sixth Science Run}",
    journal = "Class. Quant. Grav.",
    volume = 32,
    number = 115012,
    year = 2015,
}

@Article{Amaldi,
  author =   "McIver, J.",
  title =    "{Data Quality Studies of Enhanced Interferometric Gravitational Wave Detectors}",
  journal =      "Class. Quantum. Grav.",
  year =     2012,
  volume =   29,
  number =   124010,
}

@Article{Smith:2011,
  author =   "Smith, J. R. and others",
  title =    "{A Hierarchical Method for Vetoing Noise Transients in Gravitational-Wave Detectors}",
  journal =      {Class. Quant. Grav.},
  volume = 28,
  page = 235005,
  year =     2011,
}

@Article{Isogai:2010,
  author =   "Isogai, T. and others",
  title =    "{Used Percentage Veto for LIGO and Virgo Binary Inspiral Searches}",
  journal =      "Journal of Physics: Conference Series",
  volume = 243,
  page = 012005,
  year =     2010,
}

@Article{GW151226,
  author = "The LIGO Scientific Collaboration and the Virgo Collaboration",
  title = "{GW151226: Observation of a Binary Black Hole Merger}",
  journal = "Phys. Rev. Lett. (in LIGO review)",
  url = "https://dcc.ligo.org/LIGO-P1600098",
  }

