%% This BibTeX bibliography file was created using BibDesk.
%% http://bibdesk.sourceforge.net/


%% Created for Collin Capano at 2011-09-23 10:41:19 -0400 


%% Saved with string encoding Unicode (UTF-8) 



@article{Collaboration:S6CBClowmass,
	Author = {Abadie, J. and others},
	Collaboration = {LIGO Scientific Collaboration and Virgo Collaboration},
	Date-Added = {2011-09-23 10:41:07 -0400},
	Date-Modified = {2011-09-23 10:41:07 -0400},
	Journal = {In preparation for Submission to PRD},
	Title = {{Search for Gravitational Waves from Low Mass Compact Binary Coalescence in LIGO's Sixth Science Run and Virgo's Science Runs 2 and 3}},
	Year = 2011}

@article{Abbott:2009qj,
	Author = {Abbott, B. and others},
	Collaboration = {LIGO Scientific Collaboration},
	Date-Added = {2011-09-23 10:40:42 -0400},
	Date-Modified = {2011-09-23 10:40:42 -0400},
	Journal = {Phys.~Rev.~D},
	Pages = {047101},
	Title = {{Search for Gravitational Waves from Low Mass Compact Binary Coalescence in 186 Days of LIGO's fifth Science Run}},
	Volume = {80},
	Year = {2009}}

@article{Collaboration:2009tt,
	Archiveprefix = {arXiv},
	Author = {Abbott, B. and others},
	Collaboration = {LIGO Scientific Collaboration},
	Date-Added = {2011-09-23 10:40:20 -0400},
	Date-Modified = {2011-09-23 10:40:20 -0400},
	Doi = {10.1103/PhysRevD.79.122001},
	Eprint = {arXiv:0901.0302},
	Journal = {Phys.~Rev.~D},
	Pages = {122001},
	Primaryclass = {gr-qc},
	Slaccitation = {%%CITATION = 0901.0302;%%},
	Title = {{Search for Gravitational Waves from Low Mass Binary Coalescences in the First Year of LIGO's S5 Data}},
	Volume = {79},
	Year = {2009},
	Bdsk-Url-1 = {http://dx.doi.org/10.1103/PhysRevD.79.122001}}
