@ARTICLE{Perreca14,
   author = {{Perreca}, A. and {Lough}, J. and {Kelley}, D. and {Ballmer}, S.~W.
	},
    title = "{Multidimensional optical trapping of a mirror}",
  journal = {\prd},
archivePrefix = "arXiv",
   eprint = {1401.6673},
 primaryClass = "physics.ins-det",
 keywords = {Gravitational wave detectors and experiments, Interferometers, Gravitational radiation detectors, mass spectrometers, and other instrumentation and techniques},
     year = 2014,
    month = jun,
   volume = 89,
   number = 12,
      eid = {122002},
    pages = {122002},
      doi = {10.1103/PhysRevD.89.122002},
   adsurl = {http://adsabs.harvard.edu/abs/2014PhRvD..89l2002P},
  adsnote = {Provided by the SAO/NASA Astrophysics Data System}
}
@article{Kelley15,
  title = {Observation of photothermal feedback in a stable dual-carrier optical spring},
  author = {{Kelley}, D. and {Lough}, J. and {Manga\~na-Sandoval}, F. and {Perreca}, A. and {Ballmer}, S. W.},
  journal = {Phys. Rev. D},
  volume = {92},
  issue = {6},
  pages = {062003},
  numpages = {8},
  year = {2015},
  month = {Sep},
  publisher = {American Physical Society},
  doi = {10.1103/PhysRevD.92.062003},
  url = {http://link.aps.org/doi/10.1103/PhysRevD.92.062003}
}