@article{Boyle:2009dg,
	Archiveprefix = {arXiv},
	Author = {Boyle, Michael and Brown, Duncan A. and Pekowsky, Larne},
	Date-Added = {2011-07-01 15:28:41 -0400},
	Date-Modified = {2011-07-01 15:28:42 -0400},
	Eprint = {arXiv:0901.1628},
	Journal = {Class.~Quantum Grav.},
	Pages = {114006},
	Primaryclass = {gr-qc},
	Slaccitation = {%%CITATION = 0901.1628;%%},
	Title = {{Comparison of high-accuracy numerical simulations of black-hole binaries with stationary phase post-Newtonian template waveforms for Initial and Advanced LIGO}},
	Volume = {26},
	Year = {2009}}

@article{ninja,
	Author = {{Aylott}, B. et. al.},
	Date-Added = {2011-07-01 15:28:41 -0400},
	Date-Modified = {2011-07-01 15:28:45 -0400},
	Journal = {Classical and Quantum Gravity},
	Number = 16,
	Optarchiveprefix = {arXiv},
	Opteprint = {0901.4399},
	Pages = {165008},
	Title = {{Testing gravitational-wave searches with numerical relativity waveforms: Results from the first Numerical INJection Analysis (NINJA) project}},
	Volume = 26,
	Year = 2009}

@article{ninjastatus2009,
	Author = {{Aylott}, B. et. al.},
	Date-Added = {2011-07-01 15:28:41 -0400},
	Date-Modified = {2011-07-01 15:28:45 -0400},
	Journal = cqg,
	Opteprint = {arXiv:0905.4227},
	Pages = {114008},
	Title = {{Status of NINJA: the Numerical INJection Analysis project}},
	Volume = {26},
	Year = {2009}}

@article{Collaboration:S6CBClowmass,
	Author = {Abadie, J. et. al.},
	Collaboration = {LIGO Scientific Collaboration and Virgo Collaboration},
	Date-Added = {2011-09-23 10:41:07 -0400},
	Date-Modified = {2011-09-23 10:41:07 -0400},
	Journal = {In preparation for Submission to PRD},
	Title = {{Search for Gravitational Waves from Low Mass Compact Binary Coalescence in LIGO's Sixth Science Run and Virgo's Science Runs 2 and 3}},
	Year = 2011}
