@article{Harry:2010zz,
      author         = "Harry, Gregory M.",
      title          = "{Advanced LIGO: The next generation of gravitational wave
                        detectors}",
      collaboration  = "LIGO Scientific Collaboration",
      journal        = "Class.Quant.Grav.",
      volume         = "27",
      pages          = "084006",
      doi            = "10.1088/0264-9381/27/8/084006",
      year           = "2010",
      SLACcitation   = "%%CITATION = CQGRD,27,084006;%%",
}

@article{Aasi:2013wya,
      author         = "Aasi, J. and others",
      title          = "{Prospects for Localization of Gravitational Wave
                        Transients by the Advanced LIGO and Advanced Virgo
                        Observatories}",
      collaboration  = " LIGO Scientific Collaboration,  Virgo Collaboration",
      year           = "2013",
      eprint         = "1304.0670",
      archivePrefix  = "arXiv",
      primaryClass   = "gr-qc",
      reportNumber   = "LIGO-P1200087, VIR-0288A-12",
      SLACcitation   = "%%CITATION = ARXIV:1304.0670;%%",
}

@article{Accadia:2011zzc,
      author         = "Accadia, T. and others",
      title          = "{Status of the Virgo project}",
      journal        = "Class.Quant.Grav.",
      volume         = "28",
      pages          = "114002",
      doi            = "10.1088/0264-9381/28/11/114002",
      year           = "2011",
      SLACcitation   = "%%CITATION = CQGRD,28,114002;%%",
}

@article{Kuroda:2010zzb,
      author         = "Kuroda, K.",
      title          = "{Status of LCGT}",
      collaboration  = "LCGT Collaboration",
      journal        = "Class.Quant.Grav.",
      volume         = "27",
      pages          = "084004",
      doi            = "10.1088/0264-9381/27/8/084004",
      year           = "2010",
      SLACcitation   = "%%CITATION = CQGRD,27,084004;%%",
}

@article{Somiya:2011np,
      author         = "Somiya, Kentaro",
      title          = "{Detector configuration of KAGRA: The Japanese cryogenic
                        gravitational-wave detector}",
      collaboration  = "KAGRA Collaboration",
      journal        = "Class.Quant.Grav.",
      volume         = "29",
      pages          = "124007",
      doi            = "10.1088/0264-9381/29/12/124007",
      year           = "2012",
      eprint         = "1111.7185",
      archivePrefix  = "arXiv",
      primaryClass   = "gr-qc",
      SLACcitation   = "%%CITATION = ARXIV:1111.7185;%%",
}

@article{Unnikrishnan:2013qwa,
      author         = "Unnikrishnan, C.S.",
      title          = "{IndIGO and LIGO-India: Scope and plans for gravitational
                        wave research and precision metrology in India}",
      journal        = "Int.J.Mod.Phys.",
      volume         = "D22",
      pages          = "1341010",
      doi            = "10.1142/S0218271813410101",
      year           = "2013",
      SLACcitation   = "%%CITATION = IMPAE,D22,1341010;%%",
}

@InCollection{thorne.k:1987,
  author        = {K S Thorne},
  title         = {Gravitational radiation},
  booktitle     = {Three hundred years of gravitation},
  chapter       = {9},
  pages         = {330--458},
  editor        = {S. W. Hawking and W. Israel},
  publisher     = {Cambridge University Press},
  address       = {Cambridge},
  year          = {1987}
}

@article{Abadie:2010cf,
      author         = "Abadie, J. and others",
      title          = "{Predictions for the Rates of Compact Binary Coalescences
                        Observable by Ground-based Gravitational-wave Detectors}",
      collaboration  = "LIGO Scientific Collaboration, Virgo Collaboration",
      journal        = "Class.Quant.Grav.",
      volume         = "27",
      pages          = "173001",
      doi            = "10.1088/0264-9381/27/17/173001",
      year           = "2010",
      eprint         = "1003.2480",
      archivePrefix  = "arXiv",
      primaryClass   = "astro-ph.HE",
      SLACcitation   = "%%CITATION = ARXIV:1003.2480;%%",
}

@article{Sathyaprakash:2009xs,
      author         = "Sathyaprakash, B.S. and Schutz, B.F.",
      title          = "{Physics, Astrophysics and Cosmology with Gravitational
                        Waves}",
      journal        = "Living Rev.Rel.",
      volume         = "12",
      pages          = "2",
      year           = "2009",
      eprint         = "0903.0338",
      archivePrefix  = "arXiv",
      primaryClass   = "gr-qc",
      SLACcitation   = "%%CITATION = ARXIV:0903.0338;%%",
}

@article{Kalogera:1996ci,
      author         = "Kalogera, Vassiliki and Baym, Gordon",
      title          = "{The maximum mass of a neutron star}",
      journal        = "Astrophys.J.",
      volume         = "470",
      pages          = "L61-L64",
      doi            = "10.1086/310296",
      year           = "1996",
      eprint         = "astro-ph/9608059",
      archivePrefix  = "arXiv",
      primaryClass   = "astro-ph",
      SLACcitation   = "%%CITATION = ASTRO-PH/9608059;%%",
}

# Journal details missing from inspires, added from adsabs manually

@article{Bailyn:1997xt,
      author         = "Bailyn, Charles D. and Jain, Raj K. and Coppi, Paolo and
                        Orosz, Jerome A.",
      title          = "{The Mass distribution of stellar black holes}",
      year           = "1997",
      eprint         = "astro-ph/9708032",
      archivePrefix  = "arXiv",
      primaryClass   = "astro-ph",
      SLACcitation   = "%%CITATION = ASTRO-PH/9708032;%%",
      journal = "Astrophys.J.",
      month = may,
      volume = 499,
      pages = {367},
      doi = {10.1086/305614},
}

@article{Farr:2010tu,
      author         = "Farr, Will M. and others",
      title          = "{The Mass Distribution of Stellar-Mass Black Holes}",
      journal        = "Astrophys.J.",
      volume         = "741",
      pages          = "103",
      doi            = "10.1088/0004-637X/741/2/103",
      year           = "2011",
      eprint         = "1011.1459",
      archivePrefix  = "arXiv",
      primaryClass   = "astro-ph.GA",
      SLACcitation   = "%%CITATION = ARXIV:1011.1459;%%",
}

@article{McClintock:2011zq,
      author         = "McClintock, Jeffrey E. and others",
      title          = "{Measuring the Spins of Accreting Black Holes}",
      journal        = "Class.Quant.Grav.",
      volume         = "28",
      pages          = "114009",
      doi            = "10.1088/0264-9381/28/11/114009",
      year           = "2011",
      eprint         = "1101.0811",
      archivePrefix  = "arXiv",
      primaryClass   = "astro-ph.HE",
      SLACcitation   = "%%CITATION = ARXIV:1101.0811;%%",
}

@article{Belczynski:2007xg,
      author         = "Belczynski, Krzysztof and Taam, Ronald E. and Rantsiou,
                        Emmanouela and van der Sluys, Marc",
      title          = "{Black Hole Spin Evolution: Implications for Short-hard
                        Gamma Ray Bursts and Gravitational Wave Detection}",
      journal        = "Astrophys.J.",
      year           = "2007",
      eprint         = "astro-ph/0703131",
      archivePrefix  = "arXiv",
      primaryClass   = "ASTRO-PH",
      SLACcitation   = "%%CITATION = ASTRO-PH/0703131;%%",
}

@Book{Wainstein:1962,
  author        = "L A Wainstein and V D Zubakov",
  title         = "Extraction of signals from noise",
  publisher     = "Prentice-Hall",
  address       = "Englewood Cliffs, NJ, USA",
  year          = "1962"
}

@book{Wainstein:1968,
     author        = {Wainstein, L A and Zubakov, V D },
     title         = {Statistical Theory of Signal Detection},
     publisher     = {Permagon},
     address       = {London, UK},
     year          = {1968},
     keywords      = {Signal processing},
}

@article{Allen:2005fk,
      author         = "Allen, Bruce and Anderson, Warren G. and Brady, Patrick
                        R. and Brown, Duncan A. and Creighton, Jolien D.E.",
      title          = "{FINDCHIRP: An Algorithm for detection of gravitational
                        waves from inspiraling compact binaries}",
      journal        = "Phys.Rev.",
      volume         = "D85",
      pages          = "122006",
      doi            = "10.1103/PhysRevD.85.122006",
      year           = "2012",
      eprint         = "gr-qc/0509116",
      archivePrefix  = "arXiv",
      primaryClass   = "gr-qc",
      SLACcitation   = "%%CITATION = GR-QC/0509116;%%",
}

@article{Buonanno:2009zt,
      author         = "Buonanno, Alessandra and Iyer, Bala and Ochsner, Evan and
                        Pan, Yi and Sathyaprakash, B.S.",
      title          = "{Comparison of post-Newtonian templates for compact
                        binary inspiral signals in gravitational-wave detectors}",
      journal        = "Phys.Rev.",
      volume         = "D80",
      pages          = "084043",
      doi            = "10.1103/PhysRevD.80.084043",
      year           = "2009",
      eprint         = "0907.0700",
      archivePrefix  = "arXiv",
      primaryClass   = "gr-qc",
      SLACcitation   = "%%CITATION = ARXIV:0907.0700;%%",
}

@article{Brown:2012nn,
      author         = "Brown, Duncan A. and Kumar, Prayush and Nitz, Alexander
                        H.",
      title          = "{Template banks to search for low-mass binary black holes
                        in advanced gravitational-wave detectors}",
      journal        = "Phys.Rev.",
      volume         = "D87",
      pages          = "082004",
      doi            = "10.1103/PhysRevD.87.082004",
      year           = "2013",
      eprint         = "1211.6184",
      archivePrefix  = "arXiv",
      primaryClass   = "gr-qc",
      reportNumber   = "LIGO-DOCUMENT-P1200099-V3, LIGO-DOCUMENT-P1200099",
      SLACcitation   = "%%CITATION = ARXIV:1211.6184;%%",
}

@article{Klimenko:2008fu,
      author         = "Klimenko, S. and Yakushin, I. and Mercer, A. and
                        Mitselmakher, Guenakh",
      title          = "{Coherent method for detection of gravitational wave
                        bursts}",
      journal        = "Class.Quant.Grav.",
      volume         = "25",
      pages          = "114029",
      doi            = "10.1088/0264-9381/25/11/114029",
      year           = "2008",
      eprint         = "0802.3232",
      archivePrefix  = "arXiv",
      primaryClass   = "gr-qc",
      reportNumber   = "LIGO-P070093-00-Z",
      SLACcitation   = "%%CITATION = ARXIV:0802.3232;%%",
}

@article{Searle:2007uv,
      author         = "Searle, Antony C and Sutton, Patrick J and Tinto, Massimo
                        and Woan, Graham",
      title          = "{Robust Bayesian detection of unmodelled bursts}",
      journal        = "Class.Quant.Grav.",
      volume         = "25",
      pages          = "114038",
      doi            = "10.1088/0264-9381/25/11/114038",
      year           = "2008",
      eprint         = "0712.0196",
      archivePrefix  = "arXiv",
      primaryClass   = "gr-qc",
      SLACcitation   = "%%CITATION = ARXIV:0712.0196;%%",
}

@article{Sutton:2009gi,
      author         = "Sutton, Patrick J. and others",
      title          = "{X-Pipeline: An Analysis package for autonomous
                        gravitational-wave burst searches}",
      journal        = "New J.Phys.",
      volume         = "12",
      pages          = "053034",
      doi            = "10.1088/1367-2630/12/5/053034",
      year           = "2010",
      eprint         = "0908.3665",
      archivePrefix  = "arXiv",
      primaryClass   = "gr-qc",
      SLACcitation   = "%%CITATION = ARXIV:0908.3665;%%",
}

@article{Blanchet:2006zz,
      author         = "Blanchet, Luc",
      title          = "{Gravitational radiation from post-Newtonian sources and
                        inspiralling compact binaries}",
      journal        = "Living Rev.Rel.",
      volume         = "9",
      pages          = "4",
      year           = "2006",
      SLACcitation   = "%%CITATION = 00222,9,4;%%",
}

@article{Pretorius:2005gq,
      author         = "Pretorius, Frans",
      title          = "{Evolution of binary black hole spacetimes}",
      journal        = "Phys.Rev.Lett.",
      volume         = "95",
      pages          = "121101",
      doi            = "10.1103/PhysRevLett.95.121101",
      year           = "2005",
      eprint         = "gr-qc/0507014",
      archivePrefix  = "arXiv",
      primaryClass   = "gr-qc",
      SLACcitation   = "%%CITATION = GR-QC/0507014;%%",
}

@article{Campanelli:2005dd,
      author         = "Campanelli, Manuela and Lousto, C.O. and Marronetti, P.
                        and Zlochower, Y.",
      title          = "{Accurate evolutions of orbiting black-hole binaries
                        without excision}",
      journal        = "Phys.Rev.Lett.",
      volume         = "96",
      pages          = "111101",
      doi            = "10.1103/PhysRevLett.96.111101",
      year           = "2006",
      eprint         = "gr-qc/0511048",
      archivePrefix  = "arXiv",
      primaryClass   = "gr-qc",
      SLACcitation   = "%%CITATION = GR-QC/0511048;%%",
}

@article{Baker:2005vv,
      author         = "Baker, John G. and Centrella, Joan and Choi, Dae-Il and
                        Koppitz, Michael and van Meter, James",
      title          = "{Gravitational wave extraction from an inspiraling
                        configuration of merging black holes}",
      journal        = "Phys.Rev.Lett.",
      volume         = "96",
      pages          = "111102",
      doi            = "10.1103/PhysRevLett.96.111102",
      year           = "2006",
      eprint         = "gr-qc/0511103",
      archivePrefix  = "arXiv",
      primaryClass   = "gr-qc",
      SLACcitation   = "%%CITATION = GR-QC/0511103;%%",
}

@article{Buonanno:2007pf,
      author         = "Buonanno, Alessandra and others",
      title          = "{Toward faithful templates for non-spinning binary black
                        holes using the effective-one-body approach}",
      journal        = "Phys.Rev.",
      volume         = "D76",
      pages          = "104049",
      doi            = "10.1103/PhysRevD.76.104049",
      year           = "2007",
      eprint         = "0706.3732",
      archivePrefix  = "arXiv",
      primaryClass   = "gr-qc",
      SLACcitation   = "%%CITATION = ARXIV:0706.3732;%%",
}

@article{Damour:2009kr,
      author         = "Damour, Thibault and Nagar, Alessandro",
      title          = "{An Improved analytical description of inspiralling and
                        coalescing black-hole binaries}",
      journal        = "Phys.Rev.",
      volume         = "D79",
      pages          = "081503",
      doi            = "10.1103/PhysRevD.79.081503",
      year           = "2009",
      eprint         = "0902.0136",
      archivePrefix  = "arXiv",
      primaryClass   = "gr-qc",
      SLACcitation   = "%%CITATION = ARXIV:0902.0136;%%",
}

@article{Pan:2011gk,
      author         = "Pan, Yi and others",
      title          = "{Inspiral-merger-ringdown multipolar waveforms of
                        nonspinning black-hole binaries using the
                        effective-one-body formalism}",
      journal        = "Phys.Rev.",
      volume         = "D84",
      pages          = "124052",
      doi            = "10.1103/PhysRevD.84.124052",
      year           = "2011",
      eprint         = "1106.1021",
      archivePrefix  = "arXiv",
      primaryClass   = "gr-qc",
      SLACcitation   = "%%CITATION = ARXIV:1106.1021;%%",
}

@article{Taracchini:2012ig,
      author         = "Taracchini, Andrea and others",
      title          = "{Prototype effective-one-body model for nonprecessing
                        spinning inspiral-merger-ringdown waveforms}",
      journal        = "Phys.Rev.",
      volume         = "D86",
      pages          = "024011",
      doi            = "10.1103/PhysRevD.86.024011",
      year           = "2012",
      eprint         = "1202.0790",
      archivePrefix  = "arXiv",
      primaryClass   = "gr-qc",
      SLACcitation   = "%%CITATION = ARXIV:1202.0790;%%",
}

@article{Ajith:2009bn,
      author         = "Ajith, P. and others",
      title          = "{Inspiral-merger-ringdown waveforms for black-hole
                        binaries with non-precessing spins}",
      journal        = "Phys.Rev.Lett.",
      volume         = "106",
      pages          = "241101",
      doi            = "10.1103/PhysRevLett.106.241101",
      year           = "2011",
      eprint         = "0909.2867",
      archivePrefix  = "arXiv",
      primaryClass   = "gr-qc",
      SLACcitation   = "%%CITATION = ARXIV:0909.2867;%%",
}

@article{Santamaria:2010yb,
      author         = "Santamaria, L. and others",
      title          = "{Matching post-Newtonian and numerical relativity
                        waveforms: systematic errors and a new phenomenological
                        model for non-precessing black hole binaries}",
      journal        = "Phys.Rev.",
      volume         = "D82",
      pages          = "064016",
      doi            = "10.1103/PhysRevD.82.064016",
      year           = "2010",
      eprint         = "1005.3306",
      archivePrefix  = "arXiv",
      primaryClass   = "gr-qc",
      reportNumber   = "LIGO-P1000048",
      SLACcitation   = "%%CITATION = ARXIV:1005.3306;%%",
}

@article{Damour:2012ky,
      author         = "Damour, Thibault and Nagar, Alessandro and Bernuzzi,
                        Sebastiano",
      title          = "{Improved effective-one-body description of coalescing
                        nonspinning black-hole binaries and its
                        numerical-relativity completion}",
      journal        = "Phys.Rev.",
      volume         = "D87",
      pages          = "084035",
      doi            = "10.1103/PhysRevD.87.084035",
      year           = "2013",
      eprint         = "1212.4357",
      archivePrefix  = "arXiv",
      primaryClass   = "gr-qc",
      SLACcitation   = "%%CITATION = ARXIV:1212.4357;%%",
}

@article{Taracchini:2013rva,
      author         = "Taracchini, Andrea and others",
      title          = "{Effective-one-body model for black-hole binaries with
                        generic mass ratios and spins}",
      year           = "2013",
      eprint         = "1311.2544",
      archivePrefix  = "arXiv",
      primaryClass   = "gr-qc",
      SLACcitation   = "%%CITATION = ARXIV:1311.2544;%%",
}

@article{Aasi:2012rja,
      author         = "Aasi, J. and others",
      title          = "{Search for Gravitational Waves from Binary Black Hole
                        Inspiral, Merger and Ringdown in LIGO-Virgo Data from
                        2009-2010}",
      collaboration  = "LIGO Scientific Collaboration, Virgo Collaboration",
      journal        = "Phys.Rev.",
      volume         = "D87",
      pages          = "022002",
      doi            = "10.1103/PhysRevD.87.022002",
      year           = "2013",
      eprint         = "1209.6533",
      archivePrefix  = "arXiv",
      primaryClass   = "gr-qc",
      reportNumber   = "LIGO-P1200024-V14, LIGO-P1200024",
      SLACcitation   = "%%CITATION = ARXIV:1209.6533;%%",
}

@article{Centrella:2010mx,
      author         = "Centrella, Joan and Baker, John G. and Kelly, Bernard J.
                        and van Meter, James R.",
      title          = "{Black-hole binaries, gravitational waves, and numerical
                        relativity}",
      journal        = "Rev.Mod.Phys.",
      volume         = "82",
      pages          = "3069",
      doi            = "10.1103/RevModPhys.82.3069",
      year           = "2010",
      eprint         = "1010.5260",
      archivePrefix  = "arXiv",
      primaryClass   = "gr-qc",
      SLACcitation   = "%%CITATION = ARXIV:1010.5260;%%",
}

@article{Aylott:2009ya,
      author         = "Aylott, Benjamin and others",
      title          = "{Testing gravitational-wave searches with numerical
                        relativity waveforms: Results from the first Numerical
                        INJection Analysis (NINJA) project}",
      journal        = "Class.Quant.Grav.",
      volume         = "26",
      pages          = "165008",
      doi            = "10.1088/0264-9381/26/16/165008",
      year           = "2009",
      eprint         = "0901.4399",
      archivePrefix  = "arXiv",
      primaryClass   = "gr-qc",
      SLACcitation   = "%%CITATION = ARXIV:0901.4399;%%",
}

@article{Ozel:2010su,
      author         = "Ozel, Feryal and Psaltis, Dimitrios and Narayan, Ramesh
                        and McClintock, Jeffrey E.",
      title          = "{The Black Hole Mass Distribution in the Galaxy}",
      journal        = "Astrophys.J.",
      volume         = "725",
      pages          = "1918-1927",
      doi            = "10.1088/0004-637X/725/2/1918",
      year           = "2010",
      eprint         = "1006.2834",
      archivePrefix  = "arXiv",
      primaryClass   = "astro-ph.GA",
      SLACcitation   = "%%CITATION = ARXIV:1006.2834;%%",
}

@article{Brown:2007jx,
      author         = "Brown, D. and others",
      title          = "{Data formats for numerical relativity waves}",
      year           = "2007",
      eprint         = "0709.0093",
      archivePrefix  = "arXiv",
      primaryClass   = "gr-qc",
      reportNumber   = "LIGO-T070072-00-Z",
      SLACcitation   = "%%CITATION = ARXIV:0709.0093;%%",
}

@article{Ajith:2012az,
      author         = "Ajith, P. and others",
      title          = "{The NINJA-2 catalog of hybrid
                        post-Newtonian/numerical-relativity waveforms for
                        non-precessing black-hole binaries}",
      journal        = "Class.Quant.Grav.",
      volume         = "29",
      pages          = "124001",
      doi            = "10.1088/0264-9381/30/19/199401,
                        10.1088/0264-9381/29/12/124001",
      year           = "2012",
      eprint         = "1201.5319",
      archivePrefix  = "arXiv",
      primaryClass   = "gr-qc",
      SLACcitation   = "%%CITATION = ARXIV:1201.5319;%%",
}

@article{Hinder:2013oqa,
      author         = "Hinder, Ian and others",
      title          = "{Error-analysis and comparison to analytical models of
                        numerical waveforms produced by the NRAR Collaboration}",
      journal        = "Class.Quant.Grav.",
      volume         = "31",
      pages          = "025012",
      doi            = "10.1088/0264-9381/31/2/025012",
      year           = "2013",
      eprint         = "1307.5307",
      archivePrefix  = "arXiv",
      primaryClass   = "gr-qc",
      reportNumber   = "AEI-2013-223",
      SLACcitation   = "%%CITATION = ARXIV:1307.5307;%%",
}

@article{Babak:2012zx,
      author         = "Babak, S. and others",
      title          = "{Searching for gravitational waves from binary
                        coalescence}",
      journal        = "Phys.Rev.",
      volume         = "D87",
      pages          = "024033",
      doi            = "10.1103/PhysRevD.87.024033",
      year           = "2013",
      eprint         = "1208.3491",
      archivePrefix  = "arXiv",
      primaryClass   = "gr-qc",
      SLACcitation   = "%%CITATION = ARXIV:1208.3491;%%",
}

@article{Abadie:2012rq,
      author         = "Abadie, J. and others",
      title          = "{All-sky search for gravitational-wave bursts in the
                        second joint LIGO-Virgo run}",
      collaboration  = "LIGO Scientific Collaboration, Virgo Collaboration",
      journal        = "Phys.Rev.",
      volume         = "D85",
      pages          = "122007",
      doi            = "10.1103/PhysRevD.85.122007",
      year           = "2012",
      eprint         = "1202.2788",
      archivePrefix  = "arXiv",
      primaryClass   = "gr-qc",
      reportNumber   = "LIGO-P1100118",
      SLACcitation   = "%%CITATION = ARXIV:1202.2788;%%",
}

@article{Colaboration:2011np,
      author         = "Abadie, J. and others",
      title          = "{Search for Gravitational Waves from Low Mass Compact
                        Binary Coalescence in LIGO's Sixth Science Run and Virgo's
                        Science Runs 2 and 3}",
      collaboration  = "LIGO Collaboration, Virgo Collaboration",
      journal        = "Phys.Rev.",
      volume         = "D85",
      pages          = "082002",
      doi            = "10.1103/PhysRevD.85.082002",
      year           = "2012",
      eprint         = "1111.7314",
      archivePrefix  = "arXiv",
      primaryClass   = "gr-qc",
      SLACcitation   = "%%CITATION = ARXIV:1111.7314;%%",
}

@article{Baird:2012cu,
      author         = "Baird, Emily and Fairhurst, Stephen and Hannam, Mark and
                        Murphy, Patricia",
      title          = "{Degeneracy between mass and spin in black-hole-binary
                        waveforms}",
      journal        = "Phys.Rev.",
      volume         = "D87",
      pages          = "024035",
      doi            = "10.1103/PhysRevD.87.024035",
      year           = "2013",
      eprint         = "1211.0546",
      archivePrefix  = "arXiv",
      primaryClass   = "gr-qc",
      SLACcitation   = "%%CITATION = ARXIV:1211.0546;%%",
}

@article{Hannam:2013uu,
      author         = "Hannam, Mark and Brown, Duncan A. and Fairhurst, Stephen
                        and Fryer, Chris L. and Harry, Ian W.",
      title          = "{When can gravitational-wave observations distinguish
                        between black holes and neutron stars?}",
      journal        = "Astrophys.J.",
      volume         = "766",
      pages          = "L14",
      doi            = "10.1088/2041-8205/766/1/L14",
      year           = "2013",
      eprint         = "1301.5616",
      archivePrefix  = "arXiv",
      primaryClass   = "gr-qc",
      reportNumber   = "NSF-KITP-13-013",
      SLACcitation   = "%%CITATION = ARXIV:1301.5616;%%",
}

@article{Brown:2012qf,
      author         = "Brown, Duncan A. and Harry, Ian and Lundgren, Andrew and
                        Nitz, Alexander H.",
      title          = "{Detecting binary neutron star systems with spin in
                        advanced gravitational-wave detectors}",
      journal        = "Phys.Rev.",
      volume         = "D86",
      pages          = "084017",
      doi            = "10.1103/PhysRevD.86.084017",
      year           = "2012",
      eprint         = "1207.6406",
      archivePrefix  = "arXiv",
      primaryClass   = "gr-qc",
      reportNumber   = "LIGO-DOCUMENT-P1200082",
      SLACcitation   = "%%CITATION = ARXIV:1207.6406;%%",
}

@article{Ajith:2012mn,
      author         = "Ajith, P. and Fotopoulos, N. and Privitera, S. and
                        Neunzert, A. and Weinstein, A.J.",
      title          = "{An effectual template bank for the detection of
                        gravitational waves from inspiralling compact binaries
                        with generic spins}",
      year           = "2012",
      eprint         = "1210.6666",
      archivePrefix  = "arXiv",
      primaryClass   = "gr-qc",
      reportNumber   = "LIGO-P1200106-V2",
      SLACcitation   = "%%CITATION = ARXIV:1210.6666;%%",
}

@article{Harry:2013tca,
      author         = "Harry, I.W. and others",
      title          = "{Investigating the effect of precession on searches for
                        neutron-star-black-hole binaries with Advanced LIGO}",
      year           = "2013",
      eprint         = "1307.3562",
      archivePrefix  = "arXiv",
      primaryClass   = "gr-qc",
      reportNumber   = "LIGO-P1300046, NSF-KITP-13-120",
      SLACcitation   = "%%CITATION = ARXIV:1307.3562;%%",
}

@article{MacDonald:2011ne,
      author         = "MacDonald, Ilana and Nissanke, Samaya and Pfeiffer,
                        Harald P. and Pfeiffer, Harald P.",
      title          = "{Suitability of post-Newtonian/numerical-relativity
                        hybrid waveforms for gravitational wave detectors}",
      journal        = "Class.Quant.Grav.",
      volume         = "28",
      pages          = "134002",
      doi            = "10.1088/0264-9381/28/13/134002",
      year           = "2011",
      eprint         = "1102.5128",
      archivePrefix  = "arXiv",
      primaryClass   = "gr-qc",
      SLACcitation   = "%%CITATION = ARXIV:1102.5128;%%",
}

@article{Ohme:2011rm,
      author         = "Ohme, Frank",
      title          = "{Analytical meets numerical relativity - status of
                        complete gravitational waveform models for binary black
                        holes}",
      journal        = "Class.Quant.Grav.",
      volume         = "29",
      pages          = "124002",
      doi            = "10.1088/0264-9381/29/12/124002",
      year           = "2012",
      eprint         = "1111.3737",
      archivePrefix  = "arXiv",
      primaryClass   = "gr-qc",
      reportNumber   = "AEI-2011-090",
      SLACcitation   = "%%CITATION = ARXIV:1111.3737;%%",
}

@article{Tichy:2010qa,
      author         = "Tichy, Wolfgang and Marronetti, Pedro",
      title          = "{A Simple method to set up low eccentricity initial data
                        for moving puncture simulations}",
      journal        = "Phys.Rev.",
      volume         = "D83",
      pages          = "024012",
      doi            = "10.1103/PhysRevD.83.024012",
      year           = "2011",
      eprint         = "1010.2936",
      archivePrefix  = "arXiv",
      primaryClass   = "gr-qc",
      SLACcitation   = "%%CITATION = ARXIV:1010.2936;%%",
}

@article{Brugmann:2008zz,
      author         = "Bruegmann, Bernd and others",
      title          = "{Calibration of Moving Puncture Simulations}",
      journal        = "Phys.Rev.",
      volume         = "D77",
      pages          = "024027",
      doi            = "10.1103/PhysRevD.77.024027",
      year           = "2008",
      eprint         = "gr-qc/0610128",
      archivePrefix  = "arXiv",
      primaryClass   = "gr-qc",
      SLACcitation   = "%%CITATION = GR-QC/0610128;%%",
}

@article{Marronetti:2007ya,
      author         = "Marronetti, Pedro and others",
      title          = "{Binary black holes on a budget: Simulations using
                        workstations}",
      journal        = "Class.Quant.Grav.",
      volume         = "24",
      pages          = "S43-S58",
      doi            = "10.1088/0264-9381/24/12/S05",
      year           = "2007",
      eprint         = "gr-qc/0701123",
      archivePrefix  = "arXiv",
      primaryClass   = "gr-qc",
      SLACcitation   = "%%CITATION = GR-QC/0701123;%%",
}

@article{Bruegmann:2003aw,
      author         = "Bruegmann, Bernd and Tichy, Wolfgang and Jansen, Nina",
      title          = "{Numerical simulation of orbiting black holes}",
      journal        = "Phys.Rev.Lett.",
      volume         = "92",
      pages          = "211101",
      doi            = "10.1103/PhysRevLett.92.211101",
      year           = "2004",
      eprint         = "gr-qc/0312112",
      archivePrefix  = "arXiv",
      primaryClass   = "gr-qc",
      reportNumber   = "CGPG-03-12-3",
      SLACcitation   = "%%CITATION = GR-QC/0312112;%%",
}

@article{Healy:2008js,
      author         = "Healy, James and others",
      title          = "{Superkicks in Hyperbolic Encounters of Binary Black
                        Holes}",
      journal        = "Phys.Rev.Lett.",
      volume         = "102",
      pages          = "041101",
      doi            = "10.1103/PhysRevLett.102.041101",
      year           = "2009",
      eprint         = "0807.3292",
      archivePrefix  = "arXiv",
      primaryClass   = "gr-qc",
      SLACcitation   = "%%CITATION = ARXIV:0807.3292;%%",
}

@article{Healy:2009ir,
      author         = "Healy, James and Laguna, Pablo and Matzner, Richard A.
                        and Shoemaker, Deirdre M.",
      title          = "{Final Mass and Spin of Merged Black Holes and the Golden
                        Black Hole}",
      journal        = "Phys.Rev.",
      volume         = "D81",
      pages          = "081501",
      doi            = "10.1103/PhysRevD.81.081501",
      year           = "2010",
      eprint         = "0905.3914",
      archivePrefix  = "arXiv",
      primaryClass   = "gr-qc",
      SLACcitation   = "%%CITATION = ARXIV:0905.3914;%%",
}

@article{Bode:2009mt,
      author         = "Bode, Tanja and Haas, Roland and Bogdanovic, Tamara and
                        Laguna, Pablo and Shoemaker, Deirdre",
      title          = "{Relativistic Mergers of Supermassive Black Holes and
                        their Electromagnetic Signatures}",
      journal        = "Astrophys.J.",
      volume         = "715",
      pages          = "1117-1131",
      doi            = "10.1088/0004-637X/715/2/1117",
      year           = "2010",
      eprint         = "0912.0087",
      archivePrefix  = "arXiv",
      primaryClass   = "gr-qc",
      SLACcitation   = "%%CITATION = ARXIV:0912.0087;%%",
}

@article{Herrmann:2007ex,
      author         = "Herrmann, Frank and Hinder, Ian and Shoemaker, Deirdre M.
                        and Laguna, Pablo and Matzner, Richard A.",
      title          = "{Binary Black Holes: Spin Dynamics and Gravitational
                        Recoil}",
      journal        = "Phys.Rev.",
      volume         = "D76",
      pages          = "084032",
      doi            = "10.1103/PhysRevD.76.084032",
      year           = "2007",
      eprint         = "0706.2541",
      archivePrefix  = "arXiv",
      primaryClass   = "gr-qc",
      SLACcitation   = "%%CITATION = ARXIV:0706.2541;%%",
}

@article{Healy:2009zm,
      author         = "Healy, James and Levin, Janna and Shoemaker, Deirdre",
      title          = "{Zoom-Whirl Orbits in Black Hole Binaries}",
      journal        = "Phys.Rev.Lett.",
      volume         = "103",
      pages          = "131101",
      doi            = "10.1103/PhysRevLett.103.131101",
      year           = "2009",
      eprint         = "0907.0671",
      archivePrefix  = "arXiv",
      primaryClass   = "gr-qc",
      SLACcitation   = "%%CITATION = ARXIV:0907.0671;%%",
}

@article{Bode:2011tq,
      author         = "Bode, Tanja and others",
      title          = "{Mergers of Supermassive Black Holes in Astrophysical
                        Environments}",
      journal        = "Astrophys.J.",
      volume         = "744",
      pages          = "45",
      doi            = "10.1088/0004-637X/744/1/45",
      year           = "2012",
      eprint         = "1101.4684",
      archivePrefix  = "arXiv",
      primaryClass   = "gr-qc",
      SLACcitation   = "%%CITATION = ARXIV:1101.4684;%%",
}

@article{Hinder:2007qu,
      author         = "Hinder, Ian and Vaishnav, Birjoo and Herrmann, Frank and
                        Shoemaker, Deirdre and Laguna, Pablo",
      title          = "{Universality and final spin in eccentric binary black
                        hole inspirals}",
      journal        = "Phys.Rev.",
      volume         = "D77",
      pages          = "081502",
      doi            = "10.1103/PhysRevD.77.081502",
      year           = "2008",
      eprint         = "0710.5167",
      archivePrefix  = "arXiv",
      primaryClass   = "gr-qc",
      SLACcitation   = "%%CITATION = ARXIV:0710.5167;%%",
}

@article{Husa:2007hp,
      author         = "Husa, Sascha and Gonzalez, Jose A. and Hannam, Mark and
                        Bruegmann, Bernd and Sperhake, Ulrich",
      title          = "{Reducing phase error in long numerical binary black hole
                        evolutions with sixth order finite differencing}",
      journal        = "Class.Quant.Grav.",
      volume         = "25",
      pages          = "105006",
      doi            = "10.1088/0264-9381/25/10/105006",
      year           = "2008",
      eprint         = "0706.0740",
      archivePrefix  = "arXiv",
      primaryClass   = "gr-qc",
      SLACcitation   = "%%CITATION = ARXIV:0706.0740;%%",
}

@article{Hannam:2007wf,
      author         = "Hannam, Mark and Husa, Sascha and Bruegmann, Bernd and
                        Gopakumar, Achamveedu",
      title          = "{Comparison between numerical-relativity and
                        post-Newtonian waveforms from spinning binaries: The
                        Orbital hang-up case}",
      journal        = "Phys.Rev.",
      volume         = "D78",
      pages          = "104007",
      doi            = "10.1103/PhysRevD.78.104007",
      year           = "2008",
      eprint         = "0712.3787",
      archivePrefix  = "arXiv",
      primaryClass   = "gr-qc",
      SLACcitation   = "%%CITATION = ARXIV:0712.3787;%%",
}

@article{Hannam:2010ec,
      author         = "Hannam, Mark and Husa, Sascha and Ohme, Frank and Muller,
                        Doreen and Bruegmann, Bernd",
      title          = "{Simulations of black-hole binaries with unequal masses
                        or nonprecessing spins: Accuracy, physical properties, and
                        comparison with post-Newtonian results}",
      journal        = "Phys.Rev.",
      volume         = "D82",
      pages          = "124008",
      doi            = "10.1103/PhysRevD.82.124008",
      year           = "2010",
      eprint         = "1007.4789",
      archivePrefix  = "arXiv",
      primaryClass   = "gr-qc",
      SLACcitation   = "%%CITATION = ARXIV:1007.4789;%%",
}

@article{Hannam:2007ik,
      author         = "Hannam, Mark and Husa, Sascha and Sperhake, Ulrich and
                        Bruegmann, Bernd and Gonzalez, Jose A.",
      title          = "{Where post-Newtonian and numerical-relativity waveforms
                        meet}",
      journal        = "Phys.Rev.",
      volume         = "D77",
      pages          = "044020",
      doi            = "10.1103/PhysRevD.77.044020",
      year           = "2008",
      eprint         = "0706.1305",
      archivePrefix  = "arXiv",
      primaryClass   = "gr-qc",
      SLACcitation   = "%%CITATION = ARXIV:0706.1305;%%",
}

@article{Sperhake:2006cy,
      author         = "Sperhake, Ulrich",
      title          = "{Binary black-hole evolutions of excision and puncture
                        data}",
      journal        = "Phys.Rev.",
      volume         = "D76",
      pages          = "104015",
      doi            = "10.1103/PhysRevD.76.104015",
      year           = "2007",
      eprint         = "gr-qc/0606079",
      archivePrefix  = "arXiv",
      primaryClass   = "gr-qc",
      SLACcitation   = "%%CITATION = GR-QC/0606079;%%",
}

@article{Sperhake:2007gu,
      author         = "Sperhake, Ulrich and others",
      title          = "{Eccentric binary black-hole mergers: The Transition from
                        inspiral to plunge in general relativity}",
      journal        = "Phys.Rev.",
      volume         = "D78",
      pages          = "064069",
      doi            = "10.1103/PhysRevD.78.064069",
      year           = "2008",
      eprint         = "0710.3823",
      archivePrefix  = "arXiv",
      primaryClass   = "gr-qc",
      SLACcitation   = "%%CITATION = ARXIV:0710.3823;%%",
}

@article{Pollney:2010hs,
      author         = "Pollney, Denis and Reisswig, Christian",
      title          = "{Gravitational memory in binary black hole mergers}",
      journal        = "Astrophys.J.",
      volume         = "732",
      pages          = "L13",
      doi            = "10.1088/2041-8205/732/1/L13",
      year           = "2011",
      eprint         = "1004.4209",
      archivePrefix  = "arXiv",
      primaryClass   = "gr-qc",
      SLACcitation   = "%%CITATION = ARXIV:1004.4209;%%",
}

@article{Reisswig:2009rx,
      author         = "Reisswig, C. and Bishop, N.T. and Pollney, D. and
                        Szilagyi, B.",
      title          = "{Characteristic extraction in numerical relativity:
                        binary black hole merger waveforms at null infinity}",
      journal        = "Class.Quant.Grav.",
      volume         = "27",
      pages          = "075014",
      doi            = "10.1088/0264-9381/27/7/075014",
      year           = "2010",
      eprint         = "0912.1285",
      archivePrefix  = "arXiv",
      primaryClass   = "gr-qc",
      SLACcitation   = "%%CITATION = ARXIV:0912.1285;%%",
}

@article{Pollney:2009yz,
      author         = "Pollney, Denis and Reisswig, Christian and Schnetter,
                        Erik and Dorband, Nils and Diener, Peter",
      title          = "{High accuracy binary black hole simulations with an
                        extended wave zone}",
      journal        = "Phys.Rev.",
      volume         = "D83",
      pages          = "044045",
      doi            = "10.1103/PhysRevD.83.044045",
      year           = "2011",
      eprint         = "0910.3803",
      archivePrefix  = "arXiv",
      primaryClass   = "gr-qc",
      SLACcitation   = "%%CITATION = ARXIV:0910.3803;%%",
}

@article{Lousto:2010tb,
      author         = "Lousto, Carlos O. and Nakano, Hiroyuki and Zlochower,
                        Yosef and Campanelli, Manuela",
      title          = "{Intermediate Mass Ratio Black Hole Binaries: Numerical
                        Relativity meets Perturbation Theory}",
      journal        = "Phys.Rev.Lett.",
      volume         = "104",
      pages          = "211101",
      doi            = "10.1103/PhysRevLett.104.211101",
      year           = "2010",
      eprint         = "1001.2316",
      archivePrefix  = "arXiv",
      primaryClass   = "gr-qc",
      SLACcitation   = "%%CITATION = ARXIV:1001.2316;%%",
}

@article{Lousto:2010qx,
      author         = "Lousto, Carlos O. and Nakano, Hiroyuki and Zlochower,
                        Yosef and Campanelli, Manuela",
      title          = "{Intermediate-mass-ratio black hole binaries:
                        Intertwining numerical and perturbative techniques}",
      journal        = "Phys.Rev.",
      volume         = "D82",
      pages          = "104057",
      doi            = "10.1103/PhysRevD.82.104057",
      year           = "2010",
      eprint         = "1008.4360",
      archivePrefix  = "arXiv",
      primaryClass   = "gr-qc",
      SLACcitation   = "%%CITATION = ARXIV:1008.4360;%%",
}

@article{Nakano:2011pb,
      author         = "Nakano, Hiroyuki and Zlochower, Yosef and Lousto, Carlos
                        O. and Campanelli, Manuela",
      title          = "{Intermediate-mass-ratio black hole binaries II: Modeling
                        Trajectories and Gravitational Waveforms}",
      journal        = "Phys.Rev.",
      volume         = "D84",
      pages          = "124006",
      doi            = "10.1103/PhysRevD.84.124006",
      year           = "2011",
      eprint         = "1108.4421",
      archivePrefix  = "arXiv",
      primaryClass   = "gr-qc",
      SLACcitation   = "%%CITATION = ARXIV:1108.4421;%%",
}

@article{Pfeiffer:2002wt,
      author         = "Pfeiffer, Harald P. and Kidder, Lawrence E. and Scheel,
                        Mark A. and Teukolsky, Saul A.",
      title          = "{A Multidomain spectral method for solving elliptic
                        equations}",
      journal        = "Comput.Phys.Commun.",
      volume         = "152",
      pages          = "253-273",
      doi            = "10.1016/S0010-4655(02)00847-0",
      year           = "2003",
      eprint         = "gr-qc/0202096",
      archivePrefix  = "arXiv",
      primaryClass   = "gr-qc",
      SLACcitation   = "%%CITATION = GR-QC/0202096;%%",
}

@article{Scheel:2006gg,
      author         = "Scheel, Mark A. and others",
      title          = "{Solving Einstein's equations with dual coordinate
                        frames}",
      journal        = "Phys.Rev.",
      volume         = "D74",
      pages          = "104006",
      doi            = "10.1103/PhysRevD.74.104006",
      year           = "2006",
      eprint         = "gr-qc/0607056",
      archivePrefix  = "arXiv",
      primaryClass   = "gr-qc",
      SLACcitation   = "%%CITATION = GR-QC/0607056;%%",
}

@article{Lovelace:2011nu,
      author         = "Lovelace, Geoffrey and Boyle, Michael and Scheel, Mark A.
                        and Szilagyi, Bela",
      title          = "{Accurate gravitational waveforms for binary-black-hole
                        mergers with nearly extremal spins}",
      journal        = "Class.Quant.Grav.",
      volume         = "29",
      pages          = "045003",
      doi            = "10.1088/0264-9381/29/4/045003",
      year           = "2012",
      eprint         = "1110.2229",
      archivePrefix  = "arXiv",
      primaryClass   = "gr-qc",
      SLACcitation   = "%%CITATION = ARXIV:1110.2229;%%",
}

@article{Szilagyi:2009qz,
      author         = "Szilagyi, Bela and Lindblom, Lee and Scheel, Mark A.",
      title          = "{Simulations of Binary Black Hole Mergers Using Spectral
                        Methods}",
      journal        = "Phys.Rev.",
      volume         = "D80",
      pages          = "124010",
      doi            = "10.1103/PhysRevD.80.124010",
      year           = "2009",
      eprint         = "0909.3557",
      archivePrefix  = "arXiv",
      primaryClass   = "gr-qc",
      SLACcitation   = "%%CITATION = ARXIV:0909.3557;%%",
}

@article{Lovelace:2010ne,
      author         = "Lovelace, Geoffrey and Scheel, Mark.A. and Szilagyi,
                        Bela",
      title          = "{Simulating merging binary black holes with nearly
                        extremal spins}",
      journal        = "Phys.Rev.",
      volume         = "D83",
      pages          = "024010",
      doi            = "10.1103/PhysRevD.83.024010",
      year           = "2011",
      eprint         = "1010.2777",
      archivePrefix  = "arXiv",
      primaryClass   = "gr-qc",
      SLACcitation   = "%%CITATION = ARXIV:1010.2777;%%",
}

@article{Scheel:2008rj,
      author         = "Scheel, Mark A. and others",
      title          = "{High-accuracy waveforms for binary black hole inspiral,
                        merger, and ringdown}",
      journal        = "Phys.Rev.",
      volume         = "D79",
      pages          = "024003",
      doi            = "10.1103/PhysRevD.79.024003",
      year           = "2009",
      eprint         = "0810.1767",
      archivePrefix  = "arXiv",
      primaryClass   = "gr-qc",
      SLACcitation   = "%%CITATION = ARXIV:0810.1767;%%",
}

@article{Boyle:2007ft,
      author         = "Boyle, Michael and others",
      title          = "{High-accuracy comparison of numerical relativity
                        simulations with post-Newtonian expansions}",
      journal        = "Phys.Rev.",
      volume         = "D76",
      pages          = "124038",
      doi            = "10.1103/PhysRevD.76.124038",
      year           = "2007",
      eprint         = "0710.0158",
      archivePrefix  = "arXiv",
      primaryClass   = "gr-qc",
      SLACcitation   = "%%CITATION = ARXIV:0710.0158;%%",
}

@article{Lindblom:2005qh,
      author         = "Lindblom, Lee and Scheel, Mark A. and Kidder, Lawrence E.
                        and Owen, Robert and Rinne, Oliver",
      title          = "{A New generalized harmonic evolution system}",
      journal        = "Class.Quant.Grav.",
      volume         = "23",
      pages          = "S447-S462",
      doi            = "10.1088/0264-9381/23/16/S09",
      year           = "2006",
      eprint         = "gr-qc/0512093",
      archivePrefix  = "arXiv",
      primaryClass   = "gr-qc",
      SLACcitation   = "%%CITATION = GR-QC/0512093;%%",
}

@article{Boyle:2009vi,
      author         = "Boyle, Michael and Mroue, Abdul H.",
      title          = "{Extrapolating gravitational-wave data from numerical
                        simulations}",
      journal        = "Phys.Rev.",
      volume         = "D80",
      pages          = "124045",
      doi            = "10.1103/PhysRevD.80.124045",
      year           = "2009",
      eprint         = "0905.3177",
      archivePrefix  = "arXiv",
      primaryClass   = "gr-qc",
      SLACcitation   = "%%CITATION = ARXIV:0905.3177;%%",
}

@article{Etienne:2008re,
      author         = "Etienne, Zachariah B. and Liu, Yuk Tung and Shapiro,
                        Stuart L. and Baumgarte, Thomas W.",
      title          = "{General relativistic simulations of
                        black-hole-neutron-star mergers: Effects of black-hole
                        spin}",
      journal        = "Phys.Rev.",
      volume         = "D79",
      pages          = "044024",
      doi            = "10.1103/PhysRevD.79.044024",
      year           = "2009",
      eprint         = "0812.2245",
      archivePrefix  = "arXiv",
      primaryClass   = "astro-ph",
      SLACcitation   = "%%CITATION = ARXIV:0812.2245;%%",
}

@article{Campanelli:2008nk,
      author         = "Campanelli, Manuela and Lousto, Carlos O. and Nakano,
                        Hiroyuki and Zlochower, Yosef",
      title          = "{Comparison of Numerical and Post-Newtonian Waveforms for
                        Generic Precessing Black-Hole Binaries}",
      journal        = "Phys.Rev.",
      volume         = "D79",
      pages          = "084010",
      doi            = "10.1103/PhysRevD.79.084010",
      year           = "2009",
      eprint         = "0808.0713",
      archivePrefix  = "arXiv",
      primaryClass   = "gr-qc",
      SLACcitation   = "%%CITATION = ARXIV:0808.0713;%%",
}

@article{Mroue:2013xna,
      author         = "Mroue, Abdul H. and others",
      title          = "{A catalog of 174 binary black-hole simulations for
                        gravitational-wave astronomy}",
      journal        = "Phys.Rev.Lett.",
      volume         = "111",
      pages          = "241104",
      doi            = "10.1103/PhysRevLett.111.241104",
      year           = "2013",
      eprint         = "1304.6077",
      archivePrefix  = "arXiv",
      primaryClass   = "gr-qc",
      SLACcitation   = "%%CITATION = ARXIV:1304.6077;%%",
}

@article{Aasi:2012wd,
      author         = "Aasi, J. and others",
      title          = "{The characterization of Virgo data and its impact on
                        gravitational-wave searches}",
      collaboration  = "VIRGO Collaboration",
      journal        = "Class.Quant.Grav.",
      volume         = "29",
      pages          = "155002",
      doi            = "10.1088/0264-9381/29/15/155002",
      year           = "2012",
      eprint         = "1203.5613",
      archivePrefix  = "arXiv",
      primaryClass   = "gr-qc",
      SLACcitation   = "%%CITATION = ARXIV:1203.5613;%%",
}

@article{Peters:1963ux,
      author         = "Peters, P.C. and Mathews, J.",
      title          = "{Gravitational radiation from point masses in a Keplerian
                        orbit}",
      journal        = "Phys.Rev.",
      volume         = "131",
      pages          = "435-439",
      doi            = "10.1103/PhysRev.131.435",
      year           = "1963",
      SLACcitation   = "%%CITATION = PHRVA,131,435;%%",
}

@article{Abbott:2009tt,
      author         = "Abbott, B.P. and others",
      title          = "{Search for Gravitational Waves from Low Mass Binary
                        Coalescences in the First Year of LIGO's S5 Data}",
      collaboration  = "LIGO Scientific Collaboration",
      journal        = "Phys.Rev.",
      volume         = "D79",
      pages          = "122001",
      doi            = "10.1103/PhysRevD.79.122001",
      year           = "2009",
      eprint         = "0901.0302",
      archivePrefix  = "arXiv",
      primaryClass   = "gr-qc",
      reportNumber   = "LIGO-P080095-04-Z",
      SLACcitation   = "%%CITATION = ARXIV:0901.0302;%%",
}

@article{Abbott:2009qj,
      author         = "Abbott, B.P. and others",
      title          = "{Search for Gravitational Waves from Low Mass Compact
                        Binary Coalescence in 186 Days of LIGO's fifth Science
                        Run}",
      collaboration  = "LIGO Scientific Collaboration",
      journal        = "Phys.Rev.",
      volume         = "D80",
      pages          = "047101",
      doi            = "10.1103/PhysRevD.80.047101",
      year           = "2009",
      eprint         = "0905.3710",
      archivePrefix  = "arXiv",
      primaryClass   = "gr-qc",
      reportNumber   = "LIGO-DOCUMENT-P0900009-V8",
      SLACcitation   = "%%CITATION = ARXIV:0905.3710;%%",
}

@article{Abadie:2011kd,
      author         = "Abadie, J. and others",
      title          = "{Search for gravitational waves from binary black hole
                        inspiral, merger and ringdown}",
      collaboration  = "LIGO Scientific Collaboration, Virgo Collaboration",
      journal        = "Phys.Rev.",
      volume         = "D83",
      pages          = "122005",
      doi            = "10.1103/PhysRevD.86.069903, 10.1103/PhysRevD.85.089904,
                        10.1103/PhysRevD.83.122005",
      year           = "2011",
      eprint         = "1102.3781",
      archivePrefix  = "arXiv",
      primaryClass   = "gr-qc",
      SLACcitation   = "%%CITATION = ARXIV:1102.3781;%%",
}

@article{Abbott:2007wu,
      author         = "Abbott, B. and others",
      title          = "{Search for gravitational-wave bursts in LIGO data from
                        the fourth science run}",
      collaboration  = "LIGO Scientific Collaboration",
      journal        = "Class.Quant.Grav.",
      volume         = "24",
      pages          = "5343-5370",
      doi            = "10.1088/0264-9381/25/3/039801,
                        10.1088/0264-9381/24/22/002",
      year           = "2007",
      eprint         = "0704.0943",
      archivePrefix  = "arXiv",
      primaryClass   = "gr-qc",
      reportNumber   = "LIGO-P060016-A-Z, LIGO-P060016-C-Z",
      SLACcitation   = "%%CITATION = ARXIV:0704.0943;%%",
}

@article{Abadie:2010mt,
      author         = "Abadie, J. and others",
      title          = "{All-sky search for gravitational-wave bursts in the
                        first joint LIGO-GEO-Virgo run}",
      collaboration  = "LIGO Collaboration, Virgo Collaboration",
      journal        = "Phys.Rev.",
      volume         = "D81",
      pages          = "102001",
      doi            = "10.1103/PhysRevD.85.089905, 10.1103/PhysRevD.81.102001",
      year           = "2010",
      eprint         = "1002.1036",
      archivePrefix  = "arXiv",
      primaryClass   = "gr-qc",
      reportNumber   = "LIGO-P0900108-V5, LIGO-P0900108-V6",
      SLACcitation   = "%%CITATION = ARXIV:1002.1036;%%",
}

@article{Virgo:2012aa,
      author         = "Abadie, J. and others",
      title          = "{Search for Gravitational Waves from Intermediate Mass
                        Binary Black Holes}",
      collaboration  = "LIGO Scientific Collaboration, Virgo Collaboration",
      journal        = "Phys.Rev.",
      volume         = "D85",
      pages          = "102004",
      doi            = "10.1103/PhysRevD.85.102004",
      year           = "2012",
      eprint         = "1201.5999",
      archivePrefix  = "arXiv",
      primaryClass   = "gr-qc",
      reportNumber   = "P1100068",
      SLACcitation   = "%%CITATION = ARXIV:1201.5999;%%",
}

@article{Pankow:2009nx,
      author         = "Pankow, C. and others",
      title          = "{A Burst search for gravitational waves from binary black
                        holes}",
      journal        = "Class.Quant.Grav.",
      volume         = "26",
      pages          = "204004",
      doi            = "10.1088/0264-9381/26/20/204004",
      year           = "2009",
      eprint         = "0905.3120",
      archivePrefix  = "arXiv",
      primaryClass   = "gr-qc",
      SLACcitation   = "%%CITATION = ARXIV:0905.3120;%%",
}

@article{Babak:2008aa,
      author         = "Babak, Stanislav and others",
      title          = "{The Mock LISA Data Challenges: From Challenge 1B to
                        Challenge 3}",
      journal        = "Class.Quant.Grav.",
      volume         = "25",
      pages          = "184026",
      doi            = "10.1088/0264-9381/25/18/184026",
      year           = "2008",
      eprint         = "0806.2110",
      archivePrefix  = "arXiv",
      primaryClass   = "gr-qc",
      SLACcitation   = "%%CITATION = ARXIV:0806.2110;%%",
}

@article{Babak:2006ty,
      author         = "Babak, S. and Balasubramanian, R. and Churches, D. and
                        Cokelaer, T. and Sathyaprakash, B.S.",
      title          = "{A Template bank to search for gravitational waves from
                        inspiralling compact binaries. I. Physical models}",
      journal        = "Class.Quant.Grav.",
      volume         = "23",
      pages          = "5477-5504",
      doi            = "10.1088/0264-9381/23/18/002",
      year           = "2006",
      eprint         = "gr-qc/0604037",
      archivePrefix  = "arXiv",
      primaryClass   = "gr-qc",
      SLACcitation   = "%%CITATION = GR-QC/0604037;%%",
}

@article{Robinson:2008un,
      author         = "Robinson, C.A.K. and Sathyaprakash, B.S. and Sengupta,
                        Anand S.",
      title          = "{A Geometric algorithm for efficient coincident detection
                        of gravitational waves}",
      journal        = "Phys.Rev.",
      volume         = "D78",
      pages          = "062002",
      doi            = "10.1103/PhysRevD.78.062002",
      year           = "2008",
      eprint         = "0804.4816",
      archivePrefix  = "arXiv",
      primaryClass   = "gr-qc",
      reportNumber   = "LIGO-P080049-00-Z",
      SLACcitation   = "%%CITATION = ARXIV:0804.4816;%%",
}

@article{Allen:2004gu,
      author         = "Allen, Bruce",
      title          = "{A chi**2 time-frequency discriminator for gravitational
                        wave detection}",
      journal        = "Phys.Rev.",
      volume         = "D71",
      pages          = "062001",
      doi            = "10.1103/PhysRevD.71.062001",
      year           = "2005",
      eprint         = "gr-qc/0405045",
      archivePrefix  = "arXiv",
      primaryClass   = "gr-qc",
      SLACcitation   = "%%CITATION = GR-QC/0405045;%%",
}

@article{Blanchet:2001ax,
      author         = "Blanchet, Luc and Faye, Guillaume and Iyer, Bala R. and
                        Joguet, Benoit",
      title          = "{Gravitational wave inspiral of compact binary systems to
                        7/2 postNewtonian order}",
      journal        = "Phys.Rev.",
      volume         = "D65",
      pages          = "061501",
      doi            = "10.1103/PhysRevD.71.129902, 10.1103/PhysRevD.65.061501",
      year           = "2002",
      eprint         = "gr-qc/0105099",
      archivePrefix  = "arXiv",
      primaryClass   = "gr-qc",
      SLACcitation   = "%%CITATION = GR-QC/0105099;%%",
}

@article{Blanchet:2001aw,
      author         = "Blanchet, Luc and Iyer, Bala R. and Joguet, Benoit",
      title          = "{Gravitational waves from inspiralling compact binaries:
                        Energy flux to third postNewtonian order}",
      journal        = "Phys.Rev.",
      volume         = "D65",
      pages          = "064005",
      doi            = "10.1103/PhysRevD.65.064005, 10.1103/PhysRevD.71.129903",
      year           = "2002",
      eprint         = "gr-qc/0105098",
      archivePrefix  = "arXiv",
      primaryClass   = "gr-qc",
      SLACcitation   = "%%CITATION = GR-QC/0105098;%%",
}

@article{Blanchet:2004ek,
      author         = "Blanchet, Luc and Damour, Thibault and Esposito-Farese,
                        Gilles and Iyer, Bala R.",
      title          = "{Gravitational radiation from inspiralling compact
                        binaries completed at the third post-Newtonian order}",
      journal        = "Phys.Rev.Lett.",
      volume         = "93",
      pages          = "091101",
      doi            = "10.1103/PhysRevLett.93.091101",
      year           = "2004",
      eprint         = "gr-qc/0406012",
      archivePrefix  = "arXiv",
      primaryClass   = "gr-qc",
      SLACcitation   = "%%CITATION = GR-QC/0406012;%%",
}

@article{vanderSluys:2009bf,
      author         = "van der Sluys, Marc and others",
      title          = "{Parameter estimation for signals from compact binary
                        inspirals injected into LIGO data}",
      journal        = "Class.Quant.Grav.",
      volume         = "26",
      pages          = "204010",
      doi            = "10.1088/0264-9381/26/20/204010",
      year           = "2009",
      eprint         = "0905.1323",
      archivePrefix  = "arXiv",
      primaryClass   = "gr-qc",
      SLACcitation   = "%%CITATION = ARXIV:0905.1323;%%",
}

@article{Raymond:2008im,
      author         = "Raymond, V. and others",
      title          = "{Degeneracies in Sky Localisation Determination from a
                        Spinning Coalescing Binary through Gravitational Wave
                        Observations: A Markov-Chain Monte-Carlo Analysis for two
                        Detectors}",
      journal        = "Class.Quant.Grav.",
      volume         = "26",
      pages          = "114007",
      doi            = "10.1088/0264-9381/26/11/114007",
      year           = "2009",
      eprint         = "0812.4302",
      archivePrefix  = "arXiv",
      primaryClass   = "gr-qc",
      SLACcitation   = "%%CITATION = ARXIV:0812.4302;%%",
}

@article{Veitch:2009hd,
      author         = "Veitch, J. and Vecchio, A.",
      title          = "{Bayesian coherent analysis of in-spiral gravitational
                        wave signals with a detector network}",
      journal        = "Phys.Rev.",
      volume         = "D81",
      pages          = "062003",
      doi            = "10.1103/PhysRevD.81.062003",
      year           = "2010",
      eprint         = "0911.3820",
      archivePrefix  = "arXiv",
      primaryClass   = "astro-ph.CO",
      reportNumber   = "LIGO-P0900117",
      SLACcitation   = "%%CITATION = ARXIV:0911.3820;%%",
}

@article{Raymond:2009cv,
      author         = "Raymond, V. and others",
      title          = "{The Effects of LIGO detector noise on a 15-dimensional
                        Markov-chain Monte-Carlo analysis of gravitational-wave
                        signals}",
      journal        = "Class.Quant.Grav.",
      volume         = "27",
      pages          = "114009",
      doi            = "10.1088/0264-9381/27/11/114009",
      year           = "2010",
      eprint         = "0912.3746",
      archivePrefix  = "arXiv",
      primaryClass   = "gr-qc",
      SLACcitation   = "%%CITATION = ARXIV:0912.3746;%%",
}

@article{Canitrot:2001hc,
      author         = "Canitrot, Philippe",
      title          = "{Systematic errors for matched filtering of gravitational
                        waves from inspiraling compact binaries}",
      journal        = "Phys.Rev.",
      volume         = "D63",
      pages          = "082005",
      doi            = "10.1103/PhysRevD.63.082005",
      year           = "2001",
      SLACcitation   = "%%CITATION = PHRVA,D63,082005;%%",
}

@article{Cutler:2007mi,
      author         = "Cutler, Curt and Vallisneri, Michele",
      title          = "{LISA detections of massive black hole inspirals:
                        Parameter extraction errors due to inaccurate template
                        waveforms}",
      journal        = "Phys.Rev.",
      volume         = "D76",
      pages          = "104018",
      doi            = "10.1103/PhysRevD.76.104018",
      year           = "2007",
      eprint         = "0707.2982",
      archivePrefix  = "arXiv",
      primaryClass   = "gr-qc",
      SLACcitation   = "%%CITATION = ARXIV:0707.2982;%%",
}

@article{Hannam:2013oca,
      author         = "Hannam, Mark and others",
      title          = "{Twist and shout: A simple model of complete precessing
                        black-hole-binary gravitational waveforms}",
      year           = "2013",
      eprint         = "1308.3271",
      archivePrefix  = "arXiv",
      primaryClass   = "gr-qc",
      SLACcitation   = "%%CITATION = ARXIV:1308.3271;%%",
}

# NOTE: Inspires did not pick up the astrophys J. reference for this, so that
# was added by hand.

@Article{vanderSluys:2007st,
     author    = "van der Sluys, M. V. and others",
     title     = "{Gravitational-Wave Astronomy with Inspiral Signals of
                  Spinning Compact-Object Binaries}",
     journal = {Astrophys. J.},
     year = 2008,
     month = dec,
     volume = 688,
     pages = {L61-L65},
     eprint    = "0710.1897",
     archivePrefix = "arXiv",
     primaryClass  =  "astro-ph",
     SLACcitation  = "%%CITATION = 0710.1897;%%"
}

@article{vanderSluys:2008qx,
      author         = "van der Sluys, Marc and others",
      title          = "{Parameter estimation of spinning binary inspirals using
                        Markov-chain Monte Carlo}",
      journal        = "Class.Quant.Grav.",
      volume         = "25",
      pages          = "184011",
      doi            = "10.1088/0264-9381/25/18/184011",
      year           = "2008",
      eprint         = "0805.1689",
      archivePrefix  = "arXiv",
      primaryClass   = "gr-qc",
      SLACcitation   = "%%CITATION = ARXIV:0805.1689;%%",
}

@article{Feroz:2008xx,
      author         = "Feroz, F. and Hobson, M.P. and Bridges, M.",
      title          = "{MultiNest: an efficient and robust Bayesian inference
                        tool for cosmology and particle physics}",
      journal        = "Mon.Not.Roy.Astron.Soc.",
      volume         = "398",
      pages          = "1601-1614",
      doi            = "10.1111/j.1365-2966.2009.14548.x",
      year           = "2009",
      eprint         = "0809.3437",
      archivePrefix  = "arXiv",
      primaryClass   = "astro-ph",
      SLACcitation   = "%%CITATION = ARXIV:0809.3437;%%",
}

@article{Littenberg:2012uj,
      author         = "Littenberg, Tyson B. and Baker, John G. and Buonanno,
                        Alessandra and Kelly, Bernard J.",
      title          = "{Systematic biases in parameter estimation of binary
                        black-hole mergers}",
      journal        = "Phys.Rev.",
      volume         = "D87",
      pages          = "104003",
      doi            = "10.1103/PhysRevD.87.104003",
      year           = "2013",
      eprint         = "1210.0893",
      archivePrefix  = "arXiv",
      primaryClass   = "gr-qc",
      SLACcitation   = "%%CITATION = ARXIV:1210.0893;%%",
}

@article{Cutler:1994ys,
      author         = "Cutler, Curt and Flanagan, Eanna E.",
      title          = "{Gravitational waves from merging compact binaries: How
                        accurately can one extract the binary's parameters from
                        the inspiral wave form?}",
      journal        = "Phys.Rev.",
      volume         = "D49",
      pages          = "2658-2697",
      doi            = "10.1103/PhysRevD.49.2658",
      year           = "1994",
      eprint         = "gr-qc/9402014",
      archivePrefix  = "arXiv",
      primaryClass   = "gr-qc",
      reportNumber   = "GRP-369",
      SLACcitation   = "%%CITATION = GR-QC/9402014;%%",
}

@article{Poisson:1995ef,
      author         = "Poisson, Eric and Will, Clifford M.",
      title          = "{Gravitational waves from inspiraling compact binaries:
                        Parameter estimation using second postNewtonian wave
                        forms}",
      journal        = "Phys.Rev.",
      volume         = "D52",
      pages          = "848-855",
      doi            = "10.1103/PhysRevD.52.848",
      year           = "1995",
      eprint         = "gr-qc/9502040",
      archivePrefix  = "arXiv",
      primaryClass   = "gr-qc",
      reportNumber   = "WUGRAV-95-2",
      SLACcitation   = "%%CITATION = GR-QC/9502040;%%",
}

@article{Aasi:2013jjl,
      author         = "Aasi, J. and others",
      title          = "{Parameter estimation for compact binary coalescence
                        signals with the first generation gravitational-wave
                        detector network}",
      collaboration  = "LIGO Collaboration, Virgo Collaboration",
      journal        = "Phys.Rev.",
      volume         = "D88",
      pages          = "062001",
      doi            = "10.1103/PhysRevD.88.062001",
      year           = "2013",
      eprint         = "1304.1775",
      archivePrefix  = "arXiv",
      primaryClass   = "gr-qc",
      SLACcitation   = "%%CITATION = ARXIV:1304.1775;%%",
}

@article{Isogai:2010zz,
      author         = "Isogai, Tomoki",
      title          = "{Used percentage veto for LIGO and virgo binary inspiral
                        searches}",
      collaboration  = "LIGO and Virgo Scientific Collaborations",
      journal        = "J.Phys.Conf.Ser.",
      volume         = "243",
      pages          = "012005",
      doi            = "10.1088/1742-6596/243/1/012005",
      year           = "2010",
      SLACcitation   = "%%CITATION = 00462,243,012005;%%",
}

@article{Campanelli:2006uy,
      author         = "Campanelli, Manuela and Lousto, C.O. and Zlochower, Y.",
      title          = "{Spinning-black-hole binaries: The orbital hang up}",
      journal        = "Phys.Rev.",
      volume         = "D74",
      pages          = "041501",
      doi            = "10.1103/PhysRevD.74.041501",
      year           = "2006",
      eprint         = "gr-qc/0604012",
      archivePrefix  = "arXiv",
      primaryClass   = "gr-qc",
      SLACcitation   = "%%CITATION = GR-QC/0604012;%%",
}

@article{Veitch:2012df,
      author         = "Veitch, J. and others",
      title          = "{Estimating parameters of coalescing compact binaries
                        with proposed advanced detector networks}",
      journal        = "Phys.Rev.",
      volume         = "D85",
      pages          = "104045",
      doi            = "10.1103/PhysRevD.85.104045",
      year           = "2012",
      eprint         = "1201.1195",
      archivePrefix  = "arXiv",
      primaryClass   = "astro-ph.HE",
      SLACcitation   = "%%CITATION = ARXIV:1201.1195;%%",
}

@article{Nissanke:2011ax,
      author         = "Nissanke, Samaya and Sievers, Jonathan and Dalal, Neal
                        and Holz, Daniel",
      title          = "{Localizing compact binary inspirals on the sky using
                        ground-based gravitational wave interferometers}",
      journal        = "Astrophys.J.",
      volume         = "739",
      pages          = "99",
      doi            = "10.1088/0004-637X/739/2/99",
      year           = "2011",
      eprint         = "1105.3184",
      archivePrefix  = "arXiv",
      primaryClass   = "astro-ph.CO",
      SLACcitation   = "%%CITATION = ARXIV:1105.3184;%%",
}

@article{Fairhurst:2010is,
      author         = "Fairhurst, Stephen",
      title          = "{Source localization with an advanced gravitational wave
                        detector network}",
      journal        = "Class.Quant.Grav.",
      volume         = "28",
      pages          = "105021",
      doi            = "10.1088/0264-9381/28/10/105021",
      year           = "2011",
      eprint         = "1010.6192",
      archivePrefix  = "arXiv",
      primaryClass   = "gr-qc",
      SLACcitation   = "%%CITATION = ARXIV:1010.6192;%%",
}

@article{Eichler:1989ve,
      author         = "Eichler, David and Livio, Mario and Piran, Tsvi and
                        Schramm, David N.",
      title          = "{Nucleosynthesis, Neutrino Bursts and Gamma-Rays from
                        Coalescing Neutron Stars}",
      journal        = "Nature",
      volume         = "340",
      pages          = "126-128",
      doi            = "10.1038/340126a0",
      year           = "1989",
      reportNumber   = "FERMILAB-PUB-89-102-A",
      SLACcitation   = "%%CITATION = NATUA,340,126;%%",
}

@article{Narayan:1992iy,
      author         = "Narayan, Ramesh and Paczynski, Bohdan and Piran, Tsvi",
      title          = "{Gamma-ray bursts as the death throes of massive binary
                        stars}",
      journal        = "Astrophys.J.",
      volume         = "395",
      pages          = "L83-L86",
      doi            = "10.1086/186493",
      year           = "1992",
      eprint         = "astro-ph/9204001",
      archivePrefix  = "arXiv",
      primaryClass   = "astro-ph",
      reportNumber   = "CFA-3396",
      SLACcitation   = "%%CITATION = ASTRO-PH/9204001;%%",
}

@article{Fong:2013iia,
      author         = "Fong, Wen-Fai and Berger, Edo",
      title          = "{The Locations of Short Gamma-ray Bursts as Evidence for
                        Compact Object Binary Progenitors}",
      journal        = "Astrophys.J.",
      volume         = "776",
      pages          = "18",
      doi            = "10.1088/0004-637X/776/1/18",
      year           = "2013",
      eprint         = "1307.0819",
      archivePrefix  = "arXiv",
      primaryClass   = "astro-ph.HE",
      SLACcitation   = "%%CITATION = ARXIV:1307.0819;%%",
}

# INSPIRES missed the journal entry for this article. Added details from ADSABS

@article{Rosswog:2000qm,
      author         = "Rosswog, S. and Freiburghaus, C. and Thielemann, F.K.",
      title          = "{Nucleosynthesis calculations for the ejecta of neutron
                        star coalescences}",
      eprint         = "astro-ph/0012046",
      archivePrefix  = "arXiv",
      primaryClass   = "astro-ph",
      SLACcitation   = "%%CITATION = ASTRO-PH/0012046;%%",
      journal = {Nuclear Physics A},
      year = 2001,
      month = may,
      volume = 688,
      pages = {344-348},
      doi = {10.1016/S0375-9474(01)00724-2},
}

@article{Buonanno:2005xu,
      author         = "Buonanno, Alessandra and Chen, Yanbei and Damour,
                        Thibault",
      title          = "{Transition from inspiral to plunge in precessing
                        binaries of spinning black holes}",
      journal        = "Phys.Rev.",
      volume         = "D74",
      pages          = "104005",
      doi            = "10.1103/PhysRevD.74.104005",
      year           = "2006",
      eprint         = "gr-qc/0508067",
      archivePrefix  = "arXiv",
      primaryClass   = "gr-qc",
      SLACcitation   = "%%CITATION = GR-QC/0508067;%%",
}

@article{Finn:1992xs,
      author         = "Finn, Lee Samuel and Chernoff, David F.",
      title          = "{Observing binary inspiral in gravitational radiation:
                        One interferometer}",
      journal        = "Phys.Rev.",
      volume         = "D47",
      pages          = "2198-2219",
      doi            = "10.1103/PhysRevD.47.2198",
      year           = "1993",
      eprint         = "gr-qc/9301003",
      archivePrefix  = "arXiv",
      primaryClass   = "gr-qc",
      reportNumber   = "PRINT-93-0138 (NORTHWESTERN)",
      SLACcitation   = "%%CITATION = GR-QC/9301003;%%",
}

@article{Tichy:2007hk,
      author         = "Tichy, Wolfgang and Marronetti, Pedro",
      title          = "{Binary black hole mergers: Large kicks for generic spin
                        orientations}",
      journal        = "Phys.Rev.",
      volume         = "D76",
      pages          = "061502",
      doi            = "10.1103/PhysRevD.76.061502",
      year           = "2007",
      eprint         = "gr-qc/0703075",
      archivePrefix  = "arXiv",
      primaryClass   = "gr-qc",
      SLACcitation   = "%%CITATION = GR-QC/0703075;%%",
}

@article{Tichy:2008du,
      author         = "Tichy, Wolfgang and Marronetti, Pedro",
      title          = "{The Final mass and spin of black hole mergers}",
      journal        = "Phys.Rev.",
      volume         = "D78",
      pages          = "081501",
      doi            = "10.1103/PhysRevD.78.081501",
      year           = "2008",
      eprint         = "0807.2985",
      archivePrefix  = "arXiv",
      primaryClass   = "gr-qc",
      SLACcitation   = "%%CITATION = ARXIV:0807.2985;%%",
}

@article{Schmidt:2010it,
      author         = "Schmidt, Patricia and Hannam, Mark and Husa, Sascha and
                        Ajith, P.",
      title          = "{Tracking the precession of compact binaries from their
                        gravitational-wave signal}",
      journal        = "Phys.Rev.",
      volume         = "D84",
      pages          = "024046",
      doi            = "10.1103/PhysRevD.84.024046",
      year           = "2011",
      eprint         = "1012.2879",
      archivePrefix  = "arXiv",
      primaryClass   = "gr-qc",
      SLACcitation   = "%%CITATION = ARXIV:1012.2879;%%",
}

@article{O'Shaughnessy:2011fx,
      author         = "O'Shaughnessy, R. and Vaishnav, B. and Healy, J. and
                        Meeks, Z. and Shoemaker, D.",
      title          = "{Efficient asymptotic frame selection for binary black
                        hole spacetimes using asymptotic radiation}",
      journal        = "Phys.Rev.",
      volume         = "D84",
      pages          = "124002",
      doi            = "10.1103/PhysRevD.84.124002",
      year           = "2011",
      eprint         = "1109.5224",
      archivePrefix  = "arXiv",
      primaryClass   = "gr-qc",
      reportNumber   = "LIGO-DCC-P1100113",
      SLACcitation   = "%%CITATION = ARXIV:1109.5224;%%",
}

@article{Mroue:2012kv,
      author         = "Mroue, Abdul H. and Pfeiffer, Harald P.",
      title          = "{Precessing Binary Black Holes Simulations: Quasicircular
                        Initial Data}",
      year           = "2012",
      eprint         = "1210.2958",
      archivePrefix  = "arXiv",
      primaryClass   = "gr-qc",
      SLACcitation   = "%%CITATION = ARXIV:1210.2958;%%",
}

@article{O'Shaughnessy:2012vm,
      author         = "O'Shaughnessy, R. and Healy, J. and London, L. and Meeks,
                        Z. and Shoemaker, D.",
      title          = "{Is J enough? Comparison of gravitational waves emitted
                        along the total angular momentum direction with other
                        preferred orientations}",
      journal        = "Phys.Rev.",
      number         = "6",
      volume         = "D85",
      pages          = "084003",
      doi            = "10.1103/PhysRevD.85.084003, 10.1103/PhysRevD.87.069901",
      year           = "2012",
      eprint         = "1201.2113",
      archivePrefix  = "arXiv",
      primaryClass   = "gr-qc",
      reportNumber   = "LIGO-DCC-P1100204",
      SLACcitation   = "%%CITATION = ARXIV:1201.2113;%%",
}

@article{O'Shaughnessy:2012ay,
      author         = "O'Shaughnessy, R. and London, L. and Healy, J. and
                        Shoemaker, D.",
      title          = "{Precession during merger: Strong polarization changes
                        are observationally accessible features of strong-field
                        gravity during binary black hole merger}",
      journal        = "Phys.Rev.",
      number         = "4",
      volume         = "D87",
      pages          = "044038",
      doi            = "10.1103/PhysRevD.87.044038",
      year           = "2013",
      eprint         = "1209.3712",
      archivePrefix  = "arXiv",
      primaryClass   = "gr-qc",
      reportNumber   = "LIGO-DCC-P1200015",
      SLACcitation   = "%%CITATION = ARXIV:1209.3712;%%",
}

@article{Pekowsky:2012sr,
      author         = "Pekowsky, Larne and Healy, James and Shoemaker, Deirdre
                        and Laguna, Pablo",
      title          = "{Impact of Higher-order Modes on the Detection of Binary
                        Black Hole Coalescences}",
      year           = "2012",
      eprint         = "1210.1891",
      archivePrefix  = "arXiv",
      primaryClass   = "gr-qc",
      reportNumber   = "NSF-KITP-12-174",
      SLACcitation   = "%%CITATION = ARXIV:1210.1891;%%",
}

@article{Healy:2013jza,
      author         = "Healy, James and Laguna, Pablo and Pekowsky, Larne and
                        Shoemaker, Deirdre",
      title          = "{Template Mode Hierarchies for Binary Black Hole
                        Mergers}",
      journal        = "Phys.Rev.",
      volume         = "D88",
      pages          = "024034",
      doi            = "10.1103/PhysRevD.88.024034",
      year           = "2013",
      eprint         = "1302.6953",
      archivePrefix  = "arXiv",
      primaryClass   = "gr-qc",
      SLACcitation   = "%%CITATION = ARXIV:1302.6953;%%",
}

@article{McWilliams:2010eq,
      author         = "McWilliams, Sean T. and Kelly, Bernard J. and Baker, John
                        G.",
      title          = "{Observing mergers of non-spinning black-hole binaries}",
      journal        = "Phys.Rev.",
      volume         = "D82",
      pages          = "024014",
      doi            = "10.1103/PhysRevD.82.024014",
      year           = "2010",
      eprint         = "1004.0961",
      archivePrefix  = "arXiv",
      primaryClass   = "gr-qc",
      SLACcitation   = "%%CITATION = ARXIV:1004.0961;%%",
}

@article{Pan:2013rra,
      author         = "Pan, Yi and others",
      title          = "{Inspiral-merger-ringdown waveforms of spinning,
                        precessing black-hole binaries in the effective-one-body
                        formalism}",
      year           = "2013",
      eprint         = "1307.6232",
      archivePrefix  = "arXiv",
      primaryClass   = "gr-qc",
      SLACcitation   = "%%CITATION = ARXIV:1307.6232;%%",
}

@article{Littenberg:2013gja,
      author         = "Littenberg, Tyson B. and Coughlin, Michael and Farr,
                        Benjamin and Farr, Will M.",
      title          = "{Fortifying the characterization of binary mergers in
                        LIGO data}",
      year           = "2013",
      eprint         = "1307.8195",
      archivePrefix  = "arXiv",
      primaryClass   = "astro-ph.IM",
      SLACcitation   = "%%CITATION = ARXIV:1307.8195;%%",
}

# NOTE: this article isn't in inspires at all

@Article{Loken:2010,
     author    = "Loken, Chris and others",
     title     = "{SciNet: Lessons Learned from Building a Power-efficient Top-20 System and Data Centre}",
     journal   = "J. Physics: Conf. Series",
     volume    = "256",
     year      = "2010",
     pages     = "012026",
     doi       = "10.1088/1742-6596/256/1/012026"
}

@article{Abbott:2007xi,
      author         = "Abbott, B. and others",
      title          = "{Search for gravitational waves from binary inspirals in
                        S3 and S4 LIGO data}",
      collaboration  = "LIGO Scientific Collaboration",
      journal        = "Phys.Rev.",
      volume         = "D77",
      pages          = "062002",
      doi            = "10.1103/PhysRevD.77.062002",
      year           = "2008",
      eprint         = "0704.3368",
      archivePrefix  = "arXiv",
      primaryClass   = "gr-qc",
      SLACcitation   = "%%CITATION = ARXIV:0704.3368;%%",
}

@article{Abadie:2010yb,
      author         = "Abadie, J. and others",
      title          = "{Search for Gravitational Waves from Compact Binary
                        Coalescence in LIGO and Virgo Data from S5 and VSR1}",
      collaboration  = "LIGO Scientific Collaboration, Virgo Collaboration",
      journal        = "Phys.Rev.",
      volume         = "D82",
      pages          = "102001",
      doi            = "10.1103/PhysRevD.85.089903, 10.1103/PhysRevD.82.102001",
      year           = "2010",
      eprint         = "1005.4655",
      archivePrefix  = "arXiv",
      primaryClass   = "gr-qc",
      SLACcitation   = "%%CITATION = ARXIV:1005.4655;%%",
}

# The following are all references that are not papers in a journal or on arxiv
# and as such do not have inspires entries. This includes technical reports,
# websites and in preparation articles

@Misc{aVIRGO,
     author    = "{The Virgo Collaboration,}",
     title      = "{{\it Advanced Virgo Baseline Design}, Virgo Tech. Rep. VIR-027A-09}",
     year = "2009",
     howpublished = "\url{https://tds.ego-gw.it/itf/tds/file.php?callFile=VIR-0027A-09.pdf}",
}

@Misc{LIGODCC:M1100296,
    author     = "Iyer, Bala and Souradeep, Tarun and Unnikrishnan, C S and Dhurandhar, Sanjeev and Raja, Sendhil and {Sengupta A,}",
    title       = {{\it LIGO-India: Proposal of the Consortium for Indian Initiative in Gravitational-wave Observations (IndIGO)}, {LIGO Tech. Rep. LIGO-M1100296-v2}},
    year = "2013",
    howpublished = "\url{https://dcc.ligo.org/LIGO-M1100296-v2/public}",
}     

@Misc{SpECWebsite,
  title =        {Spectral {E}instein {C}ode},
  url =          {http://www.black-holes.org/SpEC.html}
}

@Misc{LV_early_noisecurves,
     author    = "Aasi, J and others",
     title     = "{{\it Possible scenarios for Commissioning and Early observing with the Second Generation Detectors}, LIGO Tech. Rep. LIGO-G1000176}",
     year = "2010",
}

@Misc{LAL,
  title = {{LSC Algorithm Library}},
  url = {https://www.lsc-group.phys.uwm.edu/daswg/projects/lal.html}
}

@Misc{GSTLAL,
  title = {{LSC Algorithm Library for GStreamer}},
  url = {https://www.lsc-group.phys.uwm.edu/daswg/projects/gstlal.html}
}

@Misc{LIGOS6Detchar,
  Author         = {Aasi, J. and others},
  Title          = "{{\it Characterizing the LIGO instruments in their sixth science run}, in preparation}",
  year           = 2014,
}

@PhdThesis{Keppel:2009,
        title = {Signatures and dynamics of compact binary coalescences and a search in LIGO's S5 data},
        author = {Keppel, Drew},
        year = {2009},
        school = {California Institute of Technology},
}

