%
% Journal Articles with SLAC-SPIRES entries
%
% Please use the bibtex entries from http://www.slac.stanford.edu/spires/
%
% For articles without entries in SPIRES, please see next section

@Article{Hannam:2009rd,
     author    = "Hannam, Mark",
     title     = "{Status of black-hole-binary simulations for gravitational-
                  wave detection}",
     year      = "2009",
     eprint    = "0901.2931",
     archivePrefix = "arXiv",
     primaryClass  =  "gr-qc",
     SLACcitation  = "%%CITATION = 0901.2931;%%"
}

@Article{Bose:1999pj,
     author    = "Bose, Sukanta and Pai, Archana and Dhurandhar, Sanjeev V.",
     title     = "{Detection of gravitational waves from inspiraling compact
                  binaries  using a network of interferometric detectors}",
     journal   = "Int. J. Mod. Phys.",
     volume    = "D9",
     year      = "2000",
     pages     = "325-329",
     eprint    = "gr-qc/0002010",
     archivePrefix = "arXiv",
     doi       = "10.1142/S0218271800000360",
     SLACcitation  = "%%CITATION = GR-QC/0002010;%%"
}

@Article{Arnaud:2007vr,
     author    = "Arnaud, K. A. and others",
     title     = "{Report on the first round of the Mock LISA Data
                  Challenges}",
     journal   = "Class. Quant. Grav.",
     volume    = "24",
     year      = "2007",
     pages     = "S529-S540",
     eprint    = "gr-qc/0701139",
     archivePrefix = "arXiv",
     doi       = "10.1088/0264-9381/24/19/S16",
     SLACcitation  = "%%CITATION = GR-QC/0701139;%%"
}

@Article{Babak:2007zd,
     author    = "Babak, Stanislav and others",
 collaboration = "Mock LISA Data Challenge Task Force",
     title     = "{Report on the second Mock LISA Data Challenge}",
     journal   = "Class. Quant. Grav.",
     volume    = "25",
     year      = "2008",
     pages     = "114037",
     eprint    = "0711.2667",
     archivePrefix = "arXiv",
     primaryClass  =  "gr-qc",
     doi       = "10.1088/0264-9381/25/11/114037",
     SLACcitation  = "%%CITATION = 0711.2667;%%"
}

@Article{Rover:2006ni,
     author    = "Rover, Christian and Meyer, Renate and Christensen, Nelson",
     title     = "{Bayesian inference on compact binary inspiral
                  gravitational radiation signals in interferometric data}",
     journal   = "Class. Quant. Grav.",
     volume    = "23",
     year      = "2006",
     pages     = "4895-4906",
     eprint    = "gr-qc/0602067",
     archivePrefix = "arXiv",
     SLACcitation  = "%%CITATION = GR-QC/0602067;%%"
}

@Article{Uchiyama:2004vr,
     author    = "Uchiyama, T. and others",
     title     = "{Present status of large-scale cryogenic gravitational wave
                  telescope}",
     journal   = "Class. Quant. Grav.",
     volume    = "21",
     year      = "2004",
     pages     = "S1161-S1172",
     SLACcitation  = "%%CITATION = CQGRD,21,S1161;%%"
}

@Article{Peters:1963ux,
     author    = "Peters, P. C. and Mathews, J.",
     title     = "{Gravitational radiation from point masses in a Keplerian
                  orbit}",
     journal   = "Phys. Rev.",
     volume    = "131",
     year      = "1963",
     pages     = "435-439",
     doi       = "10.1103/PhysRev.131.435",
     SLACcitation  = "%%CITATION = PHRVA,131,435;%%"
}

@Article{Peters:1964zz,
     author    = "Peters, P. C.",
     title     = "{Gravitational Radiation and the Motion of Two Point
                  Masses}",
     journal   = "Phys. Rev.",
     volume    = "136",
     year      = "1964",
     pages     = "B1224-B1232",
     doi       = "10.1103/PhysRev.136.B1224",
     SLACcitation  = "%%CITATION = PHRVA,136,B1224;%%"
}

@Article{Abramovici:1992ah,
     author    = "Abramovici, Alex and others",
     title     = "{LIGO: The Laser interferometer gravitational wave
                  observatory}",
     journal   = "Science",
     volume    = "256",
     year      = "1992",
     pages     = "325-333",
     SLACcitation  = "%%CITATION = SCIEA,256,325;%%"
}

@Article{Barish:1999vh,
     author    = "Barish, B. C. and Weiss, R.",
     title     = "{LIGO and the detection of gravitational waves}",
     journal   = "Phys. Today",
     volume    = "52N10",
     year      = "1999",
     pages     = "44-50",
     SLACcitation  = "%%CITATION = PHTOA,52N10,44;%%"
}

@Article{Willke:2007zz,
     author    = "Willke, Benno",
 collaboration = "LIGO Scientific",
     title     = "{GEO600: Status and plans}",
     journal   = "Class. Quant. Grav.",
     volume    = "24",
     year      = "2007",
     pages     = "S389-S397",
     doi       = "10.1088/0264-9381/24/19/S02",
     SLACcitation  = "%%CITATION = CQGRD,24,S389;%%"
}

@Article{Abbott:2003vs,
     author    = "Abbott, B. and others",
 collaboration = "LIGO Scientific",
     title     = "{Detector description and performance for the first
                  coincidence  observations between LIGO and GEO}",
     journal   = "Nucl. Instrum. Meth.",
     volume    = "A517",
     year      = "2004",
     pages     = "154-179",
     eprint    = "gr-qc/0308043",
     archivePrefix = "arXiv",
     doi       = "10.1016/j.nima.2003.11.124",
     SLACcitation  = "%%CITATION = GR-QC/0308043;%%"
}

@unpublished{Abbott:2007kva,
     author    = "Abbott, B. and others",
 collaboration = "LIGO Scientific",
     title     = "{LIGO: The Laser Interferometer Gravitational-Wave
                  Observatory}",
     year      = "2007",
     eprint    = "0711.3041",
     archivePrefix = "arXiv",
     primaryClass  =  "gr-qc",
     SLACcitation  = "%%CITATION = 0711.3041;%%"
}

@Article{Acernese:2008zz,
     author    = "Acernese, F. and others",
     title     = "{VIRGO: A large interferometer for gravitational wave
                  detection started its first scientific run}",
     journal   = "J. Phys. Conf. Ser.",
     volume    = "120",
     year      = "2008",
     pages     = "032007",
     doi       = "10.1088/1742-6596/120/3/032007",
     SLACcitation  = "%%CITATION = 00462,120,032007;%%"
}

@Article{Acernese:2005yh,
     author    = "Acernese, F. and others",
 collaboration = "VIRGO",
     title     = "{The Virgo detector}",
     journal   = "AIP Conf. Proc.",
     volume    = "794",
     year      = "2005",
     pages     = "307-310",
     doi       = "10.1063/1.2125677",
     SLACcitation  = "%%CITATION = APCPC,794,307;%%"
}

@Article{Buonanno:1998gg,
     author    = "Buonanno, A. and Damour, T.",
     title     = "{Effective one-body approach to general relativistic two-
                  body dynamics}",
     journal   = "Phys. Rev. D",
     volume    = "59",
     year      = "1999",
     pages     = "084006",
     eprint    = "gr-qc/9811091",
     archivePrefix = "arXiv",
     doi       = "10.1103/PhysRevD.59.084006",
     SLACcitation  = "%%CITATION = GR-QC/9811091;%%"
}

@Article{Damour:1997ub,
     author    = "Damour, Thibault and Iyer, Bala R. and Sathyaprakash, B. S.",
     title     = "{Improved filters for gravitational waves from inspiralling
                  compact  binaries}",
     journal   = "Phys. Rev.",
     volume    = "D57",
     year      = "1998",
     pages     = "885-907",
     eprint    = "gr-qc/9708034",
     archivePrefix = "arXiv",
     doi       = "10.1103/PhysRevD.57.885",
     SLACcitation  = "%%CITATION = GR-QC/9708034;%%"
}

@Article{Damour:2000we,
     author    = "Damour, Thibault and Jaranowski, Piotr and Schaefer,
                  Gerhard",
     title     = "{On the determination of the last stable orbit for circular
                  general relativistic binaries at the third post-Newtonian
                  approximation}",
     journal   = "Phys. Rev.",
     volume    = "D62",
     year      = "2000",
     pages     = "084011",
     eprint    = "gr-qc/0005034",
     archivePrefix = "arXiv",
     doi       = "10.1103/PhysRevD.62.084011",
     SLACcitation  = "%%CITATION = GR-QC/0005034;%%"
}

@Article{Konigsdorffer:2006zt,
     author    = "Konigsdorffer, Christian and Gopakumar, Achamveedu",
     title     = "{Phasing of gravitational waves from inspiralling eccentric
                  binaries at  the third-and-a-half post-Newtonian order}",
     journal   = "Phys. Rev. D",
     volume    = "73",
     year      = "2006",
     pages     = "124012",
     eprint    = "gr-qc/0603056",
     archivePrefix = "arXiv",
     doi       = "10.1103/PhysRevD.73.124012",
     SLACcitation  = "%%CITATION = GR-QC/0603056;%%"
}

@Article{Thornburg:2006zb,
     author    = "Thornburg, Jonathan",
     title     = "{Event and Apparent Horizon Finders for $3+1$ Numerical
                  Relativity}",
     journal   = "Living Rev. Rel.",
     volume    = "10",
     year      = "2007",
     pages     = "3",
     eprint    = "gr-qc/0512169",
     archivePrefix = "arXiv",
     SLACcitation  = "%%CITATION = GR-QC/0512169;%%"
}

@Article{Thornburg:2003sf,
     author    = "Thornburg, Jonathan",
     title     = "{A Fast Apparent-Horizon Finder for 3-Dimensional Cartesian
                  Grids in Numerical Relativity}",
     journal   = "Class. Quant. Grav.",
     volume    = "21",
     year      = "2004",
     pages     = "743-766",
     eprint    = "gr-qc/0306056",
     archivePrefix = "arXiv",
     doi       = "10.1088/0264-9381/21/2/026",
     SLACcitation  = "%%CITATION = GR-QC/0306056;%%"
}

@Article{Thornburg:1995cp,
     author    = "Thornburg, Jonathan",
     title     = "{Finding apparent horizons in numerical relativity}",
     journal   = "Phys. Rev. D",
     volume    = "54",
     year      = "1996",
     pages     = "4899-4918",
     eprint    = "gr-qc/9508014",
     archivePrefix = "arXiv",
     doi       = "10.1103/PhysRevD.54.4899",
     SLACcitation  = "%%CITATION = GR-QC/9508014;%%"
}

@Article{Ansorg:2004ds,
     author    = "Ansorg, Marcus and Bruegmann, Bernd and Tichy, Wolfgang",
     title     = "{A single-domain spectral method for black hole puncture
                  data}",
     journal   = "Phys. Rev. D",
     volume    = "70",
     year      = "2004",
     pages     = "064011",
     eprint    = "gr-qc/0404056",
     archivePrefix = "arXiv",
     doi       = "10.1103/PhysRevD.70.064011",
     SLACcitation  = "%%CITATION = GR-QC/0404056;%%"
}

@Article{Baker:2005vv,
     author    = "Baker, John G. and Centrella, Joan and Choi, Dae-Il and
                  Koppitz, Michael and van Meter, James",
     title     = "{Gravitational wave extraction from an inspiraling
                  configuration of  merging black holes}",
     journal   = "Phys. Rev. Lett.",
     volume    = "96",
     year      = "2006",
     pages     = "111102",
     eprint    = "gr-qc/0511103",
     archivePrefix = "arXiv",
     doi       = "10.1103/PhysRevLett.96.111102",
     SLACcitation  = "%%CITATION = GR-QC/0511103;%%"
}

@Article{Schnetter:2003rb,
     author    = "Schnetter, Erik and Hawley, Scott H. and Hawke, Ian",
     title     = "{Evolutions in 3D numerical relativity using fixed mesh
                  refinement}",
     journal   = "Class. Quant. Grav.",
     volume    = "21",
     year      = "2004",
     pages     = "1465-1488",
     eprint    = "gr-qc/0310042",
     archivePrefix = "arXiv",
     doi       = "10.1088/0264-9381/21/6/014",
     SLACcitation  = "%%CITATION = GR-QC/0310042;%%"
}

@Article{Berti:2007nw,
     author    = "Berti, E. and Cardoso, V. and Gonzalez, J. A. and Sperhake,
                  U. and Bruegmann, Bernd",
     title     = "{Multipolar analysis of spinning binaries}",
     journal   = "Class. Quant. Grav.",
     volume    = "25",
     year      = "2008",
     pages     = "114035",
     eprint    = "0711.1097",
     archivePrefix = "arXiv",
     primaryClass  =  "gr-qc",
     doi       = "10.1088/0264-9381/25/11/114035",
     SLACcitation  = "%%CITATION = 0711.1097;%%"
}

@Article{Sperhake:2006cy,
     author    = "Sperhake, Ulrich",
     title     = "{Binary black-hole evolutions of excision and puncture
                  data}",
     journal   = "Phys. Rev. D",
     volume    = "76",
     year      = "2007",
     pages     = "104015",
     eprint    = "gr-qc/0606079",
     archivePrefix = "arXiv",
     doi       = "10.1103/PhysRevD.76.104015",
     SLACcitation  = "%%CITATION = GR-QC/0606079;%%"
}

@Article{Christodoulou:1970wf,
     author    = "Christodoulou, D.",
     title     = "{Reversible and irreversible transforations in black hole
                  physics}",
     journal   = "Phys. Rev. Lett.",
     volume    = "25",
     year      = "1970",
     pages     = "1596-1597",
     doi       = "10.1103/PhysRevLett.25.1596",
     SLACcitation  = "%%CITATION = PRLTA,25,1596;%%"
}

@Article{Hubner:1999th,
     author    = "Hubner, Peter",
     title     = "{A scheme to numerically evolve data for the conformal
                  Einstein  equation}",
     journal   = "Class. Quant. Grav.",
     volume    = "16",
     year      = "1999",
     pages     = "2823-2843",
     eprint    = "gr-qc/9903088",
     archivePrefix = "arXiv",
     doi       = "10.1088/0264-9381/16/9/302",
     SLACcitation  = "%%CITATION = GR-QC/9903088;%%"
}

@Article{Sarbach:2001qq,
     author    = "Sarbach, Olivier and Tiglio, Manuel",
     title     = "{Gauge invariant perturbations of Schwarzschild black holes
                  in  horizon-penetrating coordinates}",
     journal   = "Phys. Rev. D",
     volume    = "64",
     year      = "2001",
     pages     = "084016",
     eprint    = "gr-qc/0104061",
     archivePrefix = "arXiv",
     doi       = "10.1103/PhysRevD.64.084016",
     SLACcitation  = "%%CITATION = GR-QC/0104061;%%"
}

@Article{Pretorius:2004jg,
     author    = "Pretorius, Frans",
     title     = "{Numerical Relativity Using a Generalized Harmonic
                  Decomposition}",
     journal   = "Class. Quant. Grav.",
     volume    = "22",
     year      = "2005",
     pages     = "425-452",
     eprint    = "gr-qc/0407110",
     archivePrefix = "arXiv",
     doi       = "10.1088/0264-9381/22/2/014",
     SLACcitation  = "%%CITATION = GR-QC/0407110;%%"
}

@Article{Pretorius:2005gq,
     author    = "Pretorius, Frans",
     title     = "{Evolution of binary black hole spacetimes}",
     journal   = "Phys. Rev. Lett.",
     volume    = "95",
     year      = "2005",
     pages     = "121101",
     eprint    = "gr-qc/0507014",
     archivePrefix = "arXiv",
     doi       = "10.1103/PhysRevLett.95.121101",
     SLACcitation  = "%%CITATION = GR-QC/0507014;%%"
}

@Article{Pretorius:2006tp,
     author    = "Pretorius, Frans",
     title     = "Simulation of binary black hole spacetimes with a harmonic
                  evolution  scheme",
     journal   = "Class. Quantum Grav.",
     volume    = "23",
     year      = "2006",
     pages     = "S529-S552",
     eprint    = "gr-qc/0602115",
     SLACcitation  = "%%CITATION = GR-QC 0602115;%%"
}

@Article{Pretorius:2007nq,
     author    = "Pretorius, Frans",
     title     = "{Binary Black Hole Coalescence}",
     year      = "2007",
     eprint    = "0710.1338",
     archivePrefix = "arXiv",
     primaryClass  =  "gr-qc",
     SLACcitation  = "%%CITATION = 0710.1338;%%"
}


@Article{Rinne:2007ui,
     author    = "Rinne, Oliver and Lindblom, Lee and Scheel, Mark A.",
     title     = "{Testing outer boundary treatments for the Einstein
                  equations}",
     journal   = "Class. Quant. Grav.",
     volume    = "24",
     year      = "2007",
     pages     = "4053-4078",
     eprint    = "0704.0782",
     archivePrefix = "arXiv",
     primaryClass  =  "gr-qc",
     doi       = "10.1088/0264-9381/24/16/006",
     SLACcitation  = "%%CITATION = 0704.0782;%%"
}

@Article{Lindblom:2005qh,
     author    = "Lindblom, Lee and Scheel, Mark A. and Kidder, Lawrence E.
                  and Owen, Robert and Rinne, Oliver",
     title     = "{A New Generalized Harmonic Evolution System}",
     journal   = "Class. Quant. Grav.",
     volume    = "23",
     year      = "2006",
     pages     = "S447-S462",
     eprint    = "gr-qc/0512093",
     archivePrefix = "arXiv",
     SLACcitation  = "%%CITATION = GR-QC/0512093;%%"
}

@Article{Scheel:2006gg,
     author    = "Scheel, Mark A. and others",
     title     = "{Solving Einstein's equations with dual coordinate
                  frames}",
     journal   = "Phys. Rev. D",
     volume    = "74",
     year      = "2006",
     pages     = "104006",
     eprint    = "gr-qc/0607056",
     archivePrefix = "arXiv",
     doi       = "10.1103/PhysRevD.74.104006",
     SLACcitation  = "%%CITATION = GR-QC/0607056;%%"
}

@Article{Boyle:2007ft,
     author    = "Boyle, Michael and others",
     title     = "{High-accuracy comparison of numerical relativity
                  simulations with post-Newtonian expansions}",
     journal   = "Phys. Rev. D",
     volume    = "76",
     year      = "2007",
     pages     = "124038",
     eprint    = "0710.0158",
     archivePrefix = "arXiv",
     primaryClass  =  "gr-qc",
     doi       = "10.1103/PhysRevD.76.124038",
     SLACcitation  = "%%CITATION = 0710.0158;%%"
}

@Article{Kidder:1995zr,
     author    = "Kidder, Lawrence E.",
     title     = "{Coalescing binary systems of compact objects to
                  postNewtonian 5/2 order. 5. Spin effects}",
     journal   = "Phys. Rev. D",
     volume    = "52",
     year      = "1995",
     pages     = "821-847",
     eprint    = "gr-qc/9506022",
     archivePrefix = "arXiv",
     doi       = "10.1103/PhysRevD.52.821",
     SLACcitation  = "%%CITATION = GR-QC/9506022;%%"
}

@Article{Baumgarte:1998te,
     author    = "Baumgarte, Thomas W. and Shapiro, Stuart L.",
     title     = "{On the numerical integration of Einstein's field
                  equations}",
     journal   = "Phys. Rev. D",
     volume    = "59",
     year      = "1999",
     pages     = "024007",
     eprint    = "gr-qc/9810065",
     archivePrefix = "arXiv",
     doi       = "10.1103/PhysRevD.59.024007",
     SLACcitation  = "%%CITATION = GR-QC/9810065;%%"
}

@Article{Baumgarte:2006en,
   author    = "Baumgarte, Thomas and others",
     title     = "{Learning about compact binary merger: The interplay
                  between numerical relativity and gravitational-wave
                  astronomy}",
     journal   = "Phys. Rev.",
     volume    = "D77",
     year      = "2008",
     pages     = "084009",
     eprint    = "gr-qc/0612100",
     archivePrefix = "arXiv",
     doi       = "10.1103/PhysRevD.77.084009",
     SLACcitation  = "%%CITATION = GR-QC/0612100;%%"
}

@Article{Shibata:1995we,
     author    = "Shibata, M. and Nakamura, T.",
     title     = "{Evolution of three-dimensional gravitational waves:
                  Harmonic slicing case}",
     journal   = "Phys. Rev. D",
     volume    = "52",
     year      = "1995",
     pages     = "5428-5444",
     doi       = "10.1103/PhysRevD.52.5428",
     SLACcitation  = "%%CITATION = PHRVA,D52,5428;%%"
}

@Article{Campanelli:2005dd,
     author    = "Campanelli, Manuela and Lousto, C. O. and Marronetti, P.
                  and Zlochower, Y.",
     title     = "{Accurate evolutions of orbiting black-hole binaries
                  without excision}",
     journal   = "Phys. Rev. Lett.",
     volume    = "96",
     year      = "2006",
     pages     = "111101",
     eprint    = "gr-qc/0511048",
     archivePrefix = "arXiv",
     doi       = "10.1103/PhysRevLett.96.111101",
     SLACcitation  = "%%CITATION = GR-QC/0511048;%%"
}

@Article{Brandt:1997tf,
     author    = "Brandt, Steven and Bruegmann, Bernd",
     title     = "{Black hole punctures as initial data for general
                  relativity}",
     journal   = "Phys. Rev. Lett.",
     volume    = "78",
     year      = "1997",
     pages     = "3606-3609",
     eprint    = "gr-qc/9703066",
     archivePrefix = "arXiv",
     doi       = "10.1103/PhysRevLett.78.3606",
     SLACcitation  = "%%CITATION = GR-QC/9703066;%%"
}

@Article{Abbott:2007ai,
     author    = "Abbott, B. and others",
 collaboration = "LIGO Scientific",
     title     = "{Search of S3 LIGO data for gravitational wave signals from
                  spinning black hole and neutron star binary inspirals}",
     journal   = "Phys. Rev. D",
     volume    = 78,
     year      = "2008",
     pages     = "042002",
     eprint    = "0712.2050",
     archivePrefix = "arXiv",
     primaryClass  =  "gr-qc",
     doi       = "10.1103/PhysRevD.78.042002",
     SLACcitation  = "%%CITATION = 0712.2050;%%"
}

@Article{Abbott:2005pe,
     author    = "Abbott, B. and others",
 collaboration = "LIGO Scientific",
     title     = "{Search for gravitational waves from galactic and extra-
                  galactic binary  neutron stars}",
     journal   = "Phys. Rev. D",
     volume    = 72,
     year      = "2005",
     pages     = "082001",
     eprint    = "gr-qc/0505041",
     archivePrefix = "arXiv",
     doi       = "10.1103/PhysRevD.72.082001",
     SLACcitation  = "%%CITATION = GR-QC/0505041;%%"
}

@Article{Abbott:2005pf,
     author    = "Abbott, B. and others",
 collaboration = "LIGO Scientific",
     title     = "{Search for gravitational waves from primordial black hole
                  binary  coalescences in the galactic halo}",
     journal   = "Phys. Rev. D",
     volume    = 72,
     year      = "2005",
     pages     = "082002",
     eprint    = "gr-qc/0505042",
     archivePrefix = "arXiv",
     doi       = "10.1103/PhysRevD.72.082002",
     SLACcitation  = "%%CITATION = GR-QC/0505042;%%"
}

@Article{Abbott:2003pj,
     author    = "Abbott, B. and others",
     collaboration = "LIGO Scientific",
     title     = "{Analysis of LIGO data for gravitational waves from binary neutron  stars}",
     journal   = "Phys. Rev. D",
     volume    = "69",
     year      = "2004",
     pages     = "122001",
     eprint    = "gr-qc/0308069",
     archivePrefix = "arXiv",
     doi       = "10.1103/PhysRevD.69.122001",
     SLACcitation  = "%%CITATION = GR-QC/0308069;%%"
}

@Article{Abbott:2004rt,
     author    = "Abbott, B. and others",
 collaboration = "LIGO",
     title     = "{First upper limits from ligo on gravitational wave
                  bursts}",
     journal   = "Phys. Rev. D",
     volume    = 69,
     year      = "2004",
     pages     = "102001",
     eprint    = "gr-qc/0312056",
     archivePrefix = "arXiv",
     doi       = "10.1103/PhysRevD.69.102001",
     SLACcitation  = "%%CITATION = GR-QC/0312056;%%"
}

@Article{Abbott:2005fb,
     author    = "Abbott, B. and others",
 collaboration = "LIGO Scientific",
     title     = "{Upper limits on gravitational wave bursts in LIGO's second
                  science run}",
     journal   = "Phys. Rev. D",
     volume    = 72,
     year      = "2005",
     pages     = "062001",
     eprint    = "gr-qc/0505029",
     archivePrefix = "arXiv",
     doi       = "10.1103/PhysRevD.72.062001",
     SLACcitation  = "%%CITATION = GR-QC/0505029;%%"
}

@Article{Abbott:2005at,
     author    = "Abbott, B. and others",
 collaboration = "LIGO Scientific",
     title     = "{Search for gravitational wave bursts in LIGO's third
                  science run}",
     journal   = "Class. Quant. Grav.",
     volume    = "23",
     year      = "2006",
     pages     = "S29-S39",
     eprint    = "gr-qc/0511146",
     archivePrefix = "arXiv",
     SLACcitation  = "%%CITATION = GR-QC/0511146;%%"
}

@Article{Abbott:2005rt,
     author    = "Abbott, B. and others",
 collaboration = "TAMA",
     title     = "{Upper limits from the LIGO and TAMA detectors on the rate
                  of  gravitational-wave bursts}",
     journal   = "Phys. Rev. D",
     volume    = 72,
     year      = "2005",
     pages     = "122004",
     eprint    = "gr-qc/0507081",
     archivePrefix = "arXiv",
     doi       = "10.1103/PhysRevD.72.122004",
     SLACcitation  = "%%CITATION = GR-QC/0507081;%%"
}

@Article{Abbott:2007wu,
     author    = "Abbott, B. and others",
 collaboration = "LIGO Scientific",
     title     = "{Search for gravitational-wave bursts in LIGO data from the
                  fourth science run}",
     journal   = "Class. Quant. Grav.",
     volume    = "24",
     year      = "2007",
     pages     = "5343-5370",
     eprint    = "0704.0943",
     archivePrefix = "arXiv",
     primaryClass  =  "gr-qc",
     doi       = "10.1088/0264-9381/24/22/002",
     SLACcitation  = "%%CITATION = 0704.0943;%%"
}

@unpublished{Brown:2007jx,
    author    = "Brown, D. A. and others",
    title     = "{Data formats for numerical relativity waves}",
    year      = "2007",
    eprint    = "0709.0093",
    archivePrefix = "arXiv",
    primaryClass  =  "gr-qc",
    SLACcitation  = "%%CITATION = 0709.0093;%%"
}

@Article{Brown:2004ma,
    author    = "Brown, J. David and Lowe, Lisa L.",
    title     = "{Multigrid elliptic equation solver with adaptive mesh
                 refinement}",
    journal   = "J. Comput. Phys.",
    volume    = "209",
    year      = "2005",
    pages     = "582-598",
    eprint    = "gr-qc/0411112",
    archivePrefix = "arXiv",
    doi       = "10.1016/j.jcp.2005.03.026",
    SLACcitation  = "%%CITATION = GR-QC/0411112;%%"
}

@Article{Brown:2007tb,
     author    = "Brown, J. David",
     title     = "{Puncture Evolution of Schwarzschild Black Holes}",
     journal   = "Phys. Rev.",
     volume    = "D77",
     year      = "2008",
     pages     = "044018",
     eprint    = "0705.1359",
     archivePrefix = "arXiv",
     primaryClass  =  "gr-qc",
     doi       = "10.1103/PhysRevD.77.044018",
     SLACcitation  = "%%CITATION = 0705.1359;%%"
}

@Article{Buonanno:2006ui,
    author    = "Buonanno, Alessandra and Cook, Gregory B. and Pretorius,
                 Frans",
    title     = "{Inspiral, merger and ring-down of equal-mass black-hole
                 binaries}",
    journal   = "Phys. Rev. D",
    volume    = "75",
    year      = "2007",
    pages     = "124018",
    eprint    = "gr-qc/0610122",
    archivePrefix = "arXiv",
    doi       = "10.1103/PhysRevD.75.124018",
    SLACcitation  = "%%CITATION = GR-QC/0610122;%%"
}

@Article{Pretorius:2007jn,
    author    = "Pretorius, Frans and Khurana, Deepak",
    title     = "{Black hole mergers and unstable circular orbits}",
    journal   = "Class. Quant. Grav.",
    volume    = "24",
    year      = "2007",
    pages     = "S83-S108",
    eprint    = "gr-qc/0702084",
    archivePrefix = "arXiv",
    doi       = "10.1088/0264-9381/24/12/S07",
    SLACcitation  = "%%CITATION = GR-QC/0702084;%%"
}

@Article{Pollney:2007ss,
    author    = "Pollney, Denis and others",
    title     = "{Recoil velocities from equal-mass binary black-hole
                 mergers: a systematic investigation of spin-orbit aligned
                 configurations}",
    journal   = "Phys. Rev. D",
    volume    = "76",
    year      = "2007",
    pages     = "124002",
    eprint    = "0707.2559",
    archivePrefix = "arXiv",
    primaryClass  =  "gr-qc",
    doi       = "10.1103/PhysRevD.76.124002",
    SLACcitation  = "%%CITATION = 0707.2559;%%"
}

@Article{Brugmann:2007zj,
    author    = "Bruegmann, Bernd and Gonzalez, Jose A. and Hannam, Mark and
                 Husa, Sascha and Sperhake, Ulrich",
    title     = "{Exploring black hole superkicks}",
    journal   = "Phys. Rev. D",
    volume    = "77",
    year      = "2008",
    pages     = "124047",
    eprint    = "0707.0135",
    archivePrefix = "arXiv",
    primaryClass  =  "gr-qc",
    doi       = "10.1103/PhysRevD.77.124047",
    SLACcitation  = "%%CITATION = 0707.0135;%%"
}

@Article{Hannam:2007ik,
    author    = "Hannam, Mark and Husa, Sascha and Sperhake, Ulrich and
                 Bruegmann, Bernd and Gonzalez, Jose A.",
    title     = "{Where post-Newtonian and numerical-relativity waveforms
                 meet}",
    journal   = "Phys. Rev. D",
    volume    = "77",
    year      = "2008",
    pages     = "044020",
    eprint    = "0706.1305",
    archivePrefix = "arXiv",
    primaryClass  =  "gr-qc",
    doi       = "10.1103/PhysRevD.77.044020",
    SLACcitation  = "%%CITATION = 0706.1305;%%"
}

@Article{Hannam:2007wf,
    author    = "Hannam, Mark and Husa, Sascha and Bruegmann, Bernd and
                 Gopakumar, Achamveedu",
    title     = "{Comparison between numerical-relativity and post-Newtonian
                 waveforms from spinning binaries: the orbital hang-up
                 case}",
    journal   = "Phys. Rev. D",
    volume    = "78",
    year      = "2008",
    pages     = "104007",
    eprint    = "0712.3787",
    archivePrefix = "arXiv",
    primaryClass  =  "gr-qc",
    SLACcitation  = "%%CITATION = 0712.3787;%%"
}


@Article{Damour:2008te,
    author    = "Damour, Thibault and Nagar, Alessandro and Hannam, Mark and
                 Husa, Sascha and Bruegmann, Bernd",
    title     = "{Accurate Effective-One-Body waveforms of inspiralling and
                 coalescing black-hole binaries}",
    journal   = "Phys. Rev. D",
    volume    = "78",
    year      = "2008",
    pages     = "044039",
    eprint    = "0803.3162",
    archivePrefix = "arXiv",
    primaryClass  =  "gr-qc",
    doi       = "10.1103/PhysRevD.78.044039",
    SLACcitation  = "%%CITATION = 0803.3162;%%"
}

@Article{Caudill:2006hw,
     author    = "Caudill, Matthew and Cook, Gregory B. and Grigsby, Jason D.
                  and Pfeiffer, Harald P.",
     title     = "{Circular orbits and spin in black-hole initial data}",
     journal   = "Phys. Rev. D",
     volume    = "74",
     year      = "2006",
     pages     = "064011",
     eprint    = "gr-qc/0605053",
     archivePrefix = "arXiv",
     doi       = "10.1103/PhysRevD.74.064011",
     SLACcitation  = "%%CITATION = GR-QC/0605053;%%"
}

@Article{Pfeiffer:2007yz,
     author    = "Pfeiffer, Harald P. and others",
     title     = "{Reducing orbital eccentricity in binary black hole
                  simulations}",
     journal   = "Class. Quant. Grav.",
     volume    = "24",
     year      = "2007",
     pages     = "S59-S82",
     eprint    = "gr-qc/0702106",
     archivePrefix = "arXiv",
     doi       = "10.1088/0264-9381/24/12/S06",
     SLACcitation  = "%%CITATION = GR-QC/0702106;%%"
}

@Article{Imbiriba:2004tp,
    author    = "Imbiriba, Breno and others",
    title     = "{Evolving a puncture black hole with fixed mesh
                 refinement}",
    journal   = "Phys. Rev. D",
    volume    = "70",
    year      = "2004",
    pages     = "124025",
    eprint    = "gr-qc/0403048",
    archivePrefix = "arXiv",
    doi       = "10.1103/PhysRevD.70.124025",
    SLACcitation  = "%%CITATION = GR-QC/0403048;%%"
}

@Article{Bowen:1980yu,
    author    = "Bowen, Jeffrey M. and York, James W. , Jr.",
    title     = "{Time asymmetric initial data for black holes and black
                 hole collisions}",
    journal   = "Phys. Rev. D",
    volume    = "21",
    year      = "1980",
    pages     = "2047-2056",
    doi       = "10.1103/PhysRevD.21.2047",
    SLACcitation  = "%%CITATION = PHRVA,D21,2047;%%"
}

@Article{Duez:2004uh,
    author    = "Duez, Matthew D. and Shapiro, Stuart L. and Yo, Hwei-Jang",
    title     = "{Relativistic Hydrodynamic Evolutions with Black Hole
                 Excision}",
    journal   = "Phys. Rev. D",
    volume    = "69",
    year      = "2004",
    pages     = "104016",
    eprint    = "gr-qc/0401076",
    archivePrefix = "arXiv",
    doi       = "10.1103/PhysRevD.69.104016",
    SLACcitation  = "%%CITATION = GR-QC/0401076;%%"
}

@Article{vanMeter:2006vi,
    author    = "van Meter, James R. and Baker, John G. and Koppitz, Michael
                 and Choi, Dae-Il",
    title     = "{How to move a black hole without excision: gauge
                 conditions for the numerical evolution of a moving
                 puncture}",
    journal   = "Phys. Rev. D",
    volume    = "73",
    year      = "2006",
    pages     = "124011",
    eprint    = "gr-qc/0605030",
    archivePrefix = "arXiv",
    doi       = "10.1103/PhysRevD.73.124011",
    SLACcitation  = "%%CITATION = GR-QC/0605030;%%"
}

@Article{Beetle:2004wu,
    author    = "Beetle, Christopher and Bruni, Marco and Burko, Lior M. and
                 Nerozzi, Andrea",
    title     = "{Towards wave extraction in numerical relativity:
                 Foundations and  initial-value formulation}",
    journal   = "Phys. Rev. D",
    volume    = "72",
    year      = "2005",
    pages     = "024013",
    eprint    = "gr-qc/0407012",
    archivePrefix = "arXiv",
    doi       = "10.1103/PhysRevD.72.024013",
    SLACcitation  = "%%CITATION = GR-QC/0407012;%%"
}

@Article{Burko:2005fa,
    author    = "Burko, Lior M. and Baumgarte, Thomas W. and Beetle,
                 Christopher",
    title     = "{Towards a novel wave--extraction method for numerical
                 relativity: III. Analytical examples for the Beetle--Burko
                 radiation scalar}",
    journal   = "Phys. Rev. D",
    volume    = "73",
    year      = "2006",
    pages     = "024002",
    eprint    = "gr-qc/0505028",
    archivePrefix = "arXiv",
    doi       = "10.1103/PhysRevD.73.024002",
    SLACcitation  = "%%CITATION = GR-QC/0505028;%%"
}

@Article{Baker:2005xe,
    author    = "Baker, John G. and van Meter, James R.",
    title     = "{Reducing reflections from mesh refinement interfaces in
                 numerical relativity}",
    journal   = "Phys. Rev. D",
    volume    = "72",
    year      = "2005",
    pages     = "104010",
    eprint    = "gr-qc/0505100",
    archivePrefix = "arXiv",
    doi       = "10.1103/PhysRevD.72.104010",
    SLACcitation  = "%%CITATION = GR-QC/0505100;%%"
}

@Article{Baker:2001sf,
    author    = "Baker, John G. and Campanelli, Manuela and Lousto, Carlos
                 O.",
    title     = "{The Lazarus project: A pragmatic approach to binary black
                 hole  evolutions}",
    journal   = "Phys. Rev. D",
    volume    = "65",
    year      = "2002",
    pages     = "044001",
    eprint    = "gr-qc/0104063",
    archivePrefix = "arXiv",
    doi       = "10.1103/PhysRevD.65.044001",
    SLACcitation  = "%%CITATION = GR-QC/0104063;%%"
}

@Article{Bruegmann:2003aw,
    author    = "Bruegmann, Bernd and Tichy, Wolfgang and Jansen, Nina",
    title     = "{Numerical simulation of orbiting black holes}",
    journal   = "Phys. Rev. Lett.",
    volume    = "92",
    year      = "2004",
    pages     = "211101",
    eprint    = "gr-qc/0312112",
    archivePrefix = "arXiv",
    doi       = "10.1103/PhysRevLett.92.211101",
    SLACcitation  = "%%CITATION = GR-QC/0312112;%%"
}

@Article{Brugmann:2008zz,
     author    = "Bruegmann, Bernd and others",
     title     = "{Calibration of Moving Puncture Simulations}",
     journal   = "Phys. Rev. D",
     volume    = "77",
     year      = "2008",
     pages     = "024027",
     eprint    = "gr-qc/0610128",
     archivePrefix = "arXiv",
     doi       = "10.1103/PhysRevD.77.024027",
     SLACcitation  = "%%CITATION = GR-QC/0610128;%%"
}

@Article{Husa:2007hp,
    author    = "Husa, Sascha and Gonzalez, Jose A. and Hannam, Mark and
                 Bruegmann, Bernd and Sperhake, Ulrich",
    title     = "{Reducing phase error in long numerical binary black hole
                 evolutions with sixth order finite differencing}",
    journal   = "Class. Quant. Grav.",
    volume    = "25",
    year      = "2008",
    pages     = "105006",
    eprint    = "0706.0740",
    archivePrefix = "arXiv",
    primaryClass  =  "gr-qc",
    doi       = "10.1088/0264-9381/25/10/105006",
    SLACcitation  = "%%CITATION = 0706.0740;%%"
}

@Article{Husa:2007zz,
     author    = "Husa, Sascha",
     title     = "{Numerical modeling of black holes as sources of
                  gravitational waves in a nutshell}",
     journal   = "Eur. Phys. J. ST",
     volume    = "152",
     year      = "2007",
     pages     = "183-207",
     eprint    = "0812.4395",
     archivePrefix = "arXiv",
     primaryClass  =  "gr-qc",
     doi       = "10.1140/epjst/e2007-00381-6",
     SLACcitation  = "%%CITATION = 0812.4395;%%"
}

@Article{Zlochower:2005bj,
    author    = "Zlochower, Y. and Baker, J. G. and Campanelli, Manuela and
                 Lousto, C. O.",
    title     = "{Accurate black hole evolutions by fourth-order numerical
                 relativity}",
    journal   = "Phys. Rev. D",
    volume    = "72",
    year      = "2005",
    pages     = "024021",
    eprint    = "gr-qc/0505055",
    archivePrefix = "arXiv",
    doi       = "10.1103/PhysRevD.72.024021",
    SLACcitation  = "%%CITATION = GR-QC/0505055;%%"
}

@Article{Hinder:2007qu,
    author    = "Hinder, Ian and Vaishnav, Birjoo and Herrmann, Frank and
                 Shoemaker, Deirdre and Laguna, Pablo",
    title     = "{Universality and Final Spin in Eccentric Binary Black Hole
                 Inspirals}",
    journal   = "Phys. Rev. D",
    volume    = "77",
    year      = "2008",
    pages     = "081502",
    eprint    = "0710.5167",
    archivePrefix = "arXiv",
    primaryClass  =  "gr-qc",
    doi       = "10.1103/PhysRevD.77.081502",
    SLACcitation  = "%%CITATION = 0710.5167;%%"
}

@Article{Anninos:1995vf,
    author    = "Anninos, Peter and Price, Richard H. and Pullin, Jorge and
                 Seidel, Edward and Suen, Wai-Mo",
    title     = "{Headon collision of two black holes: Comparison of
                 different approaches}",
    journal   = "Phys. Rev. D",
    volume    = "52",
    year      = "1995",
    pages     = "4462-4480",
    eprint    = "gr-qc/9505042",
    archivePrefix = "arXiv",
    doi       = "10.1103/PhysRevD.52.4462",
    SLACcitation  = "%%CITATION = GR-QC/9505042;%%"
}

@Article{Husa:2007rh,
    author    = "Husa, Sascha and Hannam, Mark and Gonzalez, Jose A. and
                 Sperhake, Ulrich and Bruegmann, Bernd",
    title     = "{Reducing eccentricity in black-hole binary evolutions with
                 initial   parameters from post-Newtonian inspiral}",
    journal   = "Phys. Rev. D",
    volume    = "77",
    year      = "2008",
    pages     = "044037",
    eprint    = "0706.0904",
    archivePrefix = "arXiv",
    primaryClass  =  "gr-qc",
    doi       = "10.1103/PhysRevD.77.044037",
    SLACcitation  = "%%CITATION = 0706.0904;%%"
}

@Article{Owen:1998dk,
    author    = "Owen, Benjamin J. and Sathyaprakash, B. S.",
    title     = "{Matched filtering of gravitational waves from inspiraling
                 compact  binaries: Computational cost and template
                 placement}",
    journal   = "Phys. Rev. D",
    volume    = "60",
    year      = "1999",
    pages     = "022002",
    eprint    = "gr-qc/9808076",
    archivePrefix = "arXiv",
    doi       = "10.1103/PhysRevD.60.022002",
    SLACcitation  = "%%CITATION = GR-QC/9808076;%%"
}

@unpublished{Robinson:2008un,
    author    = "Robinson, C. A. K. and Sathyaprakash, B. S. and Sengupta,
                 Anand S.",
    title     = "{A geometric algorithm for efficient coincident detection
                 of gravitational waves}",
    year      = "2008",
    eprint    = "0804.4816",
    archivePrefix = "arXiv",
    primaryClass  =  "gr-qc",
    SLACcitation  = "%%CITATION = 0804.4816;%%"
}

@Article{Allen:2004gu,
     author    = "Allen, Bruce",
     title     = "{A $\chi^2$ time-frequency discriminator for gravitational
                  wave detection}",
     journal   = "Phys. Rev. D",
     volume    = "71",
     year      = "2005",
     pages     = "062001",
     eprint    = "gr-qc/0405045",
     archivePrefix = "arXiv",
     doi       = "10.1103/PhysRevD.71.062001",
     SLACcitation  = "%%CITATION = GR-QC/0405045;%%"
}

@Article{Droz:1999qx,
    author    = "Droz, Serge and Knapp, Daniel J. and Poisson, Eric and
                 Owen, Benjamin J.",
    title     = "{Gravitational waves from inspiraling compact binaries:
                 Validity of the  stationary-phase approximation to the
                 Fourier transform}",
    journal   = "Phys. Rev. D",
    volume    = "59",
    year      = "1999",
    pages     = "124016",
    eprint    = "gr-qc/9901076",
    archivePrefix = "arXiv",
    doi       = "10.1103/PhysRevD.59.124016",
    SLACcitation  = "%%CITATION = GR-QC/9901076;%%"
}

@Article{Cokelaer:2007kx,
    author    = "Cokelaer, Thomas",
    title     = "{Gravitational waves from inspiralling compact binaries:
                 hexagonal template placement and its efficiency in
                 detecting physical signals}",
    journal   = "Phys. Rev. D",
    volume    = "76",
    year      = "2007",
    pages     = "102004",
    eprint    = "0706.4437",
    archivePrefix = "arXiv",
    primaryClass  =  "gr-qc",
    doi       = "10.1103/PhysRevD.76.102004",
    SLACcitation  = "%%CITATION = 0706.4437;%%"
}

@unpublished{Allen:2005fk,
     author    = "Allen, Bruce and Anderson, Warren G. and Brady, Patrick R.
                  and Brown, Duncan A. and Creighton, Jolien D. E.",
     title     = "{FINDCHIRP: An algorithm for detection of gravitational
                  waves from  inspiraling compact binaries}",
     year      = "2005",
     eprint    = "gr-qc/0509116",
     archivePrefix = "arXiv",
     SLACcitation  = "%%CITATION = GR-QC/0509116;%%"
}

@Article{Blanchet:1999pm,
     author    = "Blanchet, Luc",
     title     = "{Equations of motion of compact binaries at the third post-
                  Newtonian order}",
     year      = "1999",
     eprint    = "gr-qc/0403122",
     archivePrefix = "arXiv",
     SLACcitation  = "%%CITATION = GR-QC/0403122;%%"
}

@Article{Blanchet:2002av,
    author    = "Blanchet, Luc",
    title     = "{Gravitational radiation from post-Newtonian sources and
                 inspiralling  compact binaries}",
    journal   = "Living Rev. Rel.",
    volume    = "5",
    year      = "2002",
    pages     = "3",
    eprint    = "gr-qc/0202016",
    archivePrefix = "arXiv",
    SLACcitation  = "%%CITATION = GR-QC/0202016;%%"
}

@Article{Babak:2006ty,
    author    = "Babak, S. and Balasubramanian, R. and Churches, D. and
                 Cokelaer, T. and Sathyaprakash, B. S.",
    title     = "{A template bank to search for gravitational waves from
                 inspiralling  compact binaries. I: Physical models}",
    journal   = "Class. Quant. Grav.",
    volume    = "23",
    year      = "2006",
    pages     = "5477-5504",
    eprint    = "gr-qc/0604037",
    archivePrefix = "arXiv",
    SLACcitation  = "%%CITATION = GR-QC/0604037;%%"
}

@Article{Buonanno:2000ef,
     author    = "Buonanno, Alessandra and Damour, Thibault",
     title     = "{Transition from inspiral to plunge in binary black hole
                  coalescences}",
     journal   = "Phys. Rev. D",
     volume    = 62,
     year      = "2000",
     pages     = "064015",
     eprint    = "gr-qc/0001013",
     archivePrefix = "arXiv",
     doi       = "10.1103/PhysRevD.62.064015",
     SLACcitation  = "%%CITATION = GR-QC/0001013;%%"
}

@unpublished{Buonanno:2000jz,
    author    = "Buonanno, Alessandra and Damour, Thibault",
    title     = "{Binary black holes coalescence: Transition from adiabatic
                 inspiral to plunge}",
    year      = "2000",
    eprint    = "gr-qc/0011052",
    archivePrefix = "arXiv",
    SLACcitation  = "%%CITATION = GR-QC/0011052;%%"
}

@Article{vanderSluys:2007st,
     author    = "van der Sluys, M. V. and others",
     title     = "{Gravitational-Wave Astronomy with Inspiral Signals of
                  Spinning Compact-Object Binaries}",
     journal = {Astrophys. J.},
     year = 2008,
     month = dec,
     volume = 688,
     pages = {L61-L65},
     eprint    = "0710.1897",
     archivePrefix = "arXiv",
     primaryClass  =  "astro-ph",
     SLACcitation  = "%%CITATION = 0710.1897;%%"
}

@Article{vanderSluys:2008qx,
     author    = "van der Sluys, Marc and others",
     title     = "{Parameter estimation of spinning binary inspirals using
                  Markov-chain Monte Carlo}",
     journal   = "Class. Quant. Grav.",
     volume    = "25",
     year      = "2008",
     pages     = "184011",
     eprint    = "0805.1689",
     archivePrefix = "arXiv",
     primaryClass  =  "gr-qc",
     doi       = "10.1088/0264-9381/25/18/184011",
     SLACcitation  = "%%CITATION = 0805.1689;%%"
}

@Article{Apostolatos:1994mx,
     author    = "Apostolatos, Theocharis A. and Cutler, Curt and Sussman,
                  Gerald J. and Thorne, Kip S.",
     title     = "{Spin induced orbital precession and its modulation of the
                  gravitational wave forms from merging binaries}",
     journal   = "Phys. Rev. D",
     volume    = "49",
     year      = "1994",
     pages     = "6274-6297",
     doi       = "10.1103/PhysRevD.49.6274",
     SLACcitation  = "%%CITATION = PHRVA,D49,6274;%%"
}

@Article{Moncrief:1974am,
     author    = "Moncrief, V.",
     title     = "{Gravitational perturbations of spherically symmetric
                  systems. I. The exterior problem}",
     journal   = "Ann. Phys.",
     volume    = "88",
     year      = "1974",
     pages     = "323-342",
     doi       = "10.1016/0003-4916(74)90173-0",
     SLACcitation  = "%%CITATION = APNYA,88,323;%%"
}

@Article{Abbott:2007xi,
     author    = "Abbott, B. and others",
 collaboration = "LIGO Scientific",
     title     = "{Search for gravitational waves from binary inspirals in S3
                  and S4 LIGO data}",
     journal   = "Phys. Rev. D",
     volume    = "77",
     year      = "2008",
     pages     = "062002",
     eprint    = "0704.3368",
     archivePrefix = "arXiv",
     primaryClass  =  "gr-qc",
     doi       = "10.1103/PhysRevD.77.062002",
     SLACcitation  = "%%CITATION = 0704.3368;%%"
}

@Article{Boyle:2008ge,
   author = "Boyle, Michael and others",
    title = "{High-accuracy numerical simulation of black-hole binaries: Computation of the gravitational-wave energy flux and comparisons with post-Newtonian approximants}",
     journal   = "Phys. Rev. D",
   volume = "78",
     year = "2008",
     pages     = "104020",
   eprint = "0804.4184",
archivePrefix = "arXiv",
primaryClass  =  "gr-qc",
      doi = {10.1103/PhysRevD.78.104020},
}

@Article{Buonanno:2007pf,
     author    = "Buonanno, Alessandra and others",
     title     = "{Toward faithful templates for non-spinning binary black
                  holes using the effective-one-body approach}",
     journal   = "Phys. Rev. D",
     volume    = "76",
     year      = "2007",
     pages     = "104049",
     eprint    = "0706.3732",
     archivePrefix = "arXiv",
     primaryClass  =  "gr-qc",
     doi       = "10.1103/PhysRevD.76.104049",
     SLACcitation  = "%%CITATION = 0706.3732;%%"
}

@Article{Ajith:2007kx,
     author    = "Ajith, P. and others",
     title     = "{A template bank for gravitational waveforms from
                  coalescing binary black holes: I. non-spinning binaries}",
     journal   = "Phys. Rev. D",
     volume    = "77",
     year      = "2008",
     pages     = "104017",
     eprint    = "0710.2335",
     archivePrefix = "arXiv",
     primaryClass  =  "gr-qc",
     doi       = "10.1103/PhysRevD.77.104017",
     SLACcitation  = "%%CITATION = 0710.2335;%%"
}

@Article{Ajith:2007qp,
     author    = "Ajith, Parameswaran and others",
     title     = "{Phenomenological template family for black-hole
                  coalescence waveforms}",
     journal   = "Class. Quant. Grav.",
     volume    = "24",
     year      = "2007",
     pages     = "S689-S700",
     eprint    = "0704.3764",
     archivePrefix = "arXiv",
     primaryClass  =  "gr-qc",
     doi       = "10.1088/0264-9381/24/19/S31",
     SLACcitation  = "%%CITATION = 0704.3764;%%"
}

@Article{Ajith:2007xh,
     author    = "Ajith, P.",
     title     = "{Gravitational-wave data analysis using binary black-hole
                  waveforms}",
     journal   = "Class. Quant. Grav.",
     volume    = "25",
     year      = "2008",
     pages     = "114033",
     eprint    = "0712.0343",
     archivePrefix = "arXiv",
     primaryClass  =  "gr-qc",
     doi       = "10.1088/0264-9381/25/11/114033",
     SLACcitation  = "%%CITATION = 0712.0343;%%"
}

@Article{Damour:2007yf,
     author    = "Damour, Thibault and Nagar, Alessandro",
     title     = "{Comparing Effective-One-Body gravitational waveforms to
                  accurate numerical data}",
     journal   = "Phys. Rev. D",
     volume    = "77",
     year      = "2008",
     pages     = "024043",
     eprint    = "0711.2628",
     archivePrefix = "arXiv",
     primaryClass  =  "gr-qc",
     doi       = "10.1103/PhysRevD.77.024043",
     SLACcitation  = "%%CITATION = 0711.2628;%%"
}

@Article{Damour:2007vq,
     author    = "Damour, Thibault and Nagar, Alessandro and Dorband, Ernst
                  Nils and Pollney, Denis and Rezzolla, Luciano",
     title     = "{Faithful Effective-One-Body waveforms of equal-mass
                  coalescing black-hole binaries}",
     journal   = "Phys. Rev. D",
     volume    = "77",
     year      = "2008",
     pages     = "084017",
     eprint    = "0712.3003",
     archivePrefix = "arXiv",
     primaryClass  =  "gr-qc",
     doi       = "10.1103/PhysRevD.77.084017",
     SLACcitation  = "%%CITATION = 0712.3003;%%"
}

@Article{Pan:2007nw,
     author    = "Pan, Yi and others",
     title     = "{A data-analysis driven comparison of analytic and
                  numerical coalescing binary waveforms: Nonspinning case}",
     journal   = "Phys. Rev. D",
     volume    = "77",
     year      = "2008",
     pages     = "024014",
     eprint    = "0704.1964",
     archivePrefix = "arXiv",
     primaryClass  =  "gr-qc",
     doi       = "10.1103/PhysRevD.77.024014",
     SLACcitation  = "%%CITATION = 0704.1964;%%"
}

@Article{Berti:2005ys,
     author    = "Berti, Emanuele and Cardoso, Vitor and Will, Clifford M.",
     title     = "{On gravitational-wave spectroscopy of massive black holes
                  with the  space interferometer LISA}",
     journal   = "Phys. Rev. D",
     volume    = "73",
     year      = "2006",
     pages     = "064030",
     eprint    = "gr-qc/0512160",
     archivePrefix = "arXiv",
     doi       = "10.1103/PhysRevD.73.064030",
     SLACcitation  = "%%CITATION = GR-QC/0512160;%%"
}

@Article{Chatterji:2004qg,
     author    = "Chatterji, S. and Blackburn, L. and Martin, G. and
                  Katsavounidis, E.",
     title     = "{Multiresolution techniques for the detection of
                  gravitational-wave bursts}",
     journal   = "Class. Quant. Grav.",
     volume    = "21",
     year      = "2004",
     pages     = "S1809-S1818",
     eprint    = "gr-qc/0412119",
     archivePrefix = "arXiv",
     doi       = "10.1088/0264-9381/21/20/024",
     SLACcitation  = "%%CITATION = GR-QC/0412119;%%"
}

@Article{Creighton:1999pm,
     author    = "Creighton, Jolien D. E.",
     title     = "{Search techniques for gravitational waves from black-hole
                  ringdowns}",
     journal   = "Phys. Rev. D",
     volume    = "60",
     year      = "1999",
     pages     = "022001",
     eprint    = "gr-qc/9901084",
     archivePrefix = "arXiv",
     doi       = "10.1103/PhysRevD.60.022001",
     SLACcitation  = "%%CITATION = GR-QC/9901084;%%"
}

@Article{Detweiler:1980gk,
     author    = "Detweiler, S.",
     title     = "{Black Holes and Gravitational Waves. III. The Resonant
                  Frequencies of Rotation Holes}",
     journal   = "Astrophys. J.",
     volume    = "239",
     year      = "1980",
     pages     = "292-295",
     doi       = "10.1086/158109",
     SLACcitation  = "%%CITATION = ASJOA,239,292;%%"
}

@Article{Echeverria:1989hg,
     author    = "Echeverria, F.",
     title     = "{Gravitational Wave Measurements of the Mass and Angular
                  Momentum of a Black Hole}",
     journal   = "Phys. Rev. D",
     volume    = "40",
     year      = "1989",
     pages     = "3194-3203",
     doi       = "10.1103/PhysRevD.40.3194",
     SLACcitation  = "%%CITATION = PHRVA,D40,3194;%%"
}

@Article{Leaver:1985ax,
     author    = "Leaver, E. W.",
     title     = "{An Analytic representation for the quasi normal modes of
                  Kerr black holes}",
     journal   = "Proc. Roy. Soc. Lond.",
     volume    = "A402",
     year      = "1985",
     pages     = "285-298",
     SLACcitation  = "%%CITATION = PRSLA,A402,285;%%"
}

@Article{Fairhurst:2007qj,
     author    = "Fairhurst, Stephen and Brady, Patrick",
     title     = "{Interpreting the results of searches for gravitational
                  waves from coalescing binaries}",
     journal   = "Class. Quant. Grav.",
     volume    = "25",
     year      = "2008",
     pages     = "105002",
     eprint    = "0707.2410",
     archivePrefix = "arXiv",
     primaryClass  =  "gr-qc",
     doi       = "10.1088/0264-9381/25/10/105002",
     SLACcitation  = "%%CITATION = 0707.2410;%%"
}
@Article{Rezzolla:2007rz,
     author    = "Rezzolla, Luciano and others",
     title     = "{On the final spin from the coalescence of two black
                  holes}",
     journal   = "Phys. Rev. D",
     volume    = "78",
     year      = "2008",
     pages     = "044002",
     eprint    = "0712.3541",
     archivePrefix = "arXiv",
     primaryClass  =  "gr-qc",
     doi       = "10.1103/PhysRevD.78.044002",
     SLACcitation  = "%%CITATION = 0712.3541;%%"
}

@Article{Kidder:1992fr,
     author    = "Kidder, Lawrence E. and Will, Clifford M. and Wiseman, Alan
                  G.",
     title     = "{Spin effects in the inspiral of coalescing compact
                  binaries}",
     journal   = "Phys. Rev. D",
     volume    = "47",
     year      = "1993",
     pages     = "4183-4187",
     eprint    = "gr-qc/9211025",
     archivePrefix = "arXiv",
     doi       = "10.1103/PhysRevD.47.R4183",
     SLACcitation  = "%%CITATION = GR-QC/9211025;%%"
}

@Article{Camp:2007ee,
     author    = "Camp, Jordan B. and Cannizzo, John K. and Numata, Kenji",
     title     = "{Application of the Hilbert-Huang transform to the search
                  for gravitational waves}",
     journal   = "Phys. Rev. D",
     volume    = "75",
     year      = "2007",
     pages     = "061101",
     eprint    = "gr-qc/0701148",
     archivePrefix = "arXiv",
     doi       = "10.1103/PhysRevD.75.061101",
     SLACcitation  = "%%CITATION = GR-QC/0701148;%%"
}

@Article{McNabb:2004bu,
     author    = "McNabb, J. W. C. and others",
     title     = "{Overview of the BlockNormal event trigger generator}",
     journal   = "Class. Quant. Grav.",
     volume    = "21",
     year      = "2004",
     pages     = "S1705-S1710",
     eprint    = "gr-qc/0404123",
     archivePrefix = "arXiv",
     doi       = "10.1088/0264-9381/21/20/013",
     SLACcitation  = "%%CITATION = GR-QC/0404123;%%"
}

@Article{Veitch:2008ur,
     author    = "Veitch, John and Vecchio, Alberto",
     title     = "{A Bayesian approach to the follow-up of candidate
                  gravitational wave signals}",
     journal   = "Phys. Rev. D",
     volume    = "78",
     year      = "2008",
     pages     = "022001",
     eprint    = "0801.4313",
     archivePrefix = "arXiv",
     primaryClass  =  "gr-qc",
     doi       = "10.1103/PhysRevD.78.022001",
     SLACcitation  = "%%CITATION = 0801.4313;%%"
}

@Article{Veitch:2008wd,
     author    = "Veitch, John and Vecchio, Alberto",
     title     = "{Assigning confidence to inspiral gravitational wave
                  candidates with Bayesian model selection}",
     journal   = "Class. Quant. Grav.",
     volume    = "25",
     year      = "2008",
     pages     = "184010",
     eprint    = "0807.4483",
     archivePrefix = "arXiv",
     primaryClass  =  "gr-qc",
     doi       = "10.1088/0264-9381/25/18/184010",
     SLACcitation  = "%%CITATION = 0807.4483;%%"
}

@Article{Cook:2000vr,
     author    = "Cook, Gregory B.",
     title     = "{Initial Data for Numerical Relativity}",
     journal   = "Living Rev. Rel.",
     volume    = "3",
     year      = "2000",
     pages     = "5",
     eprint    = "gr-qc/0007085",
     archivePrefix = "arXiv",
     SLACcitation  = "%%CITATION = GR-QC/0007085;%%"
}


@Article{Cook:2004kt,
     author    = "Cook, Gregory B. and Pfeiffer, Harald P.",
     title     = "{Excision boundary conditions for black hole initial
                  data}",
     journal   = "Phys. Rev. D",
     volume    = "70",
     year      = "2004",
     pages     = "104016",
     eprint    = "gr-qc/0407078",
     archivePrefix = "arXiv",
     doi       = "10.1103/PhysRevD.70.104016",
     SLACcitation  = "%%CITATION = GR-QC/0407078;%%"
}

@Article{Tichy:2003qi,
     author    = "Tichy, Wolfgang and Bruegmann, Bernd",
     title     = "{Quasi-equilibrium binary black hole sequences for puncture
                  data derived from helical Killing vector conditions}",
     journal   = "Phys. Rev. D",
     volume    = "69",
     year      = "2004",
     pages     = "024006",
     eprint    = "gr-qc/0307027",
     archivePrefix = "arXiv",
     doi       = "10.1103/PhysRevD.69.024006",
     SLACcitation  = "%%CITATION = GR-QC/0307027;%%"
}

@Article{Beig:1993gt,
     author    = "Beig, R. and Murchadha, N. O.",
     title     = "{Trapped surfaces in vacuum space-times}",
     journal   = "Class. Quant. Grav.",
     volume    = "11",
     year      = "1994",
     pages     = "419-430",
     eprint    = "gr-qc/9304034",
     archivePrefix = "arXiv",
     SLACcitation  = "%%CITATION = GR-QC/9304034;%%"
}

@Article{Dain:2001ry,
     author    = "Dain, Sergio and Friedrich, Helmut",
     title     = "{Asymptotically Flat Initial Data with Prescribed
                  Regularity at Infinity}",
     journal   = "Commun. Math. Phys.",
     volume    = "222",
     year      = "2001",
     pages     = "569-609",
     eprint    = "gr-qc/0102047",
     archivePrefix = "arXiv",
     doi       = "10.1007/s002200100524",
     SLACcitation  = "%%CITATION = GR-QC/0102047;%%"
}

@Article{Friedrich:2000qv,
     author    = "Friedrich, Helmut and Rendall, Alan D.",
     title     = "The {C}auchy Problem for the {E}instein Equations",
     journal   = "Lect. Notes Phys.",
     volume    = "540",
     year      = "2000",
     pages     = "127-224",
     eprint    = "gr-qc/0002074",
     SLACcitation  = "%%CITATION = GR-QC 0002074;%%",
}

@Article{Bona:1997hp,
     author    = "Bona, C. and Masso, J. and Seidel, E. and Stela, J.",
     title     = "{First order hyperbolic formalism for numerical
                  relativity}",
     journal   = "Phys. Rev. D",
     volume    = "56",
     year      = "1997",
     pages     = "3405-3415",
     eprint    = "gr-qc/9709016",
     archivePrefix = "arXiv",
     doi       = "10.1103/PhysRevD.56.3405",
     SLACcitation  = "%%CITATION = GR-QC/9709016;%%"
}

@Article{Alcubierre:2002kk,
     author    = "Alcubierre, Miguel and others",
     title     = "{Gauge conditions for long-term numerical black hole
                  evolutions without excision}",
     journal   = "Phys. Rev. D",
     volume    = "67",
     year      = "2003",
     pages     = "084023",
     eprint    = "gr-qc/0206072",
     archivePrefix = "arXiv",
     doi       = "10.1103/PhysRevD.67.084023",
     SLACcitation  = "%%CITATION = GR-QC/0206072;%%"
}

@Article{Alcubierre:2000xu,
     author    = "Alcubierre, Miguel and others",
     title     = "{Towards a stable numerical evolution of strongly
                  gravitating systems in  general relativity: The conformal
                  treatments}",
     journal   = "Phys. Rev. D",
     volume    = 62,
     year      = "2000",
     pages     = "044034",
     eprint    = "gr-qc/0003071",
     archivePrefix = "arXiv",
     doi       = "10.1103/PhysRevD.62.044034",
     SLACcitation  = "%%CITATION = GR-QC/0003071;%%"
}

@Article{Hannam:2006vv,
     author    = "Hannam, Mark and Husa, Sascha and Pollney, Denis and
                  Bruegmann, Bernd and O'Murchadha, Niall",
     title     = "{Geometry and Regularity of Moving Punctures}",
     journal   = "Phys. Rev. Lett.",
     volume    = "99",
     year      = "2007",
     pages     = "241102",
     eprint    = "gr-qc/0606099",
     archivePrefix = "arXiv",
     doi       = "10.1103/PhysRevLett.99.241102",
     SLACcitation  = "%%CITATION = GR-QC/0606099;%%"
}

@Article{Hannam:2006xw,
     author    = "Hannam, Mark and others",
     title     = "{Where do moving punctures go?}",
     journal   = "J. Phys. Conf. Ser.",
     volume    = "66",
     year      = "2007",
     pages     = "012047",
     eprint    = "gr-qc/0612097",
     archivePrefix = "arXiv",
     doi       = "10.1088/1742-6596/66/1/012047",
     SLACcitation  = "%%CITATION = GR-QC/0612097;%%"
}

@Article{Hannam:2008sg,
     author    = "Hannam, Mark and Husa, Sascha and Ohme, Frank and
                  Bruegmann, Bernd and O'Murchadha, Niall",
     title     = "{Wormholes and trumpets: Schwarzschild spacetime for
                  the moving-puncture generation}",
     journal   = "Phys. Rev. D",
     volume    = "78",
     year      = "2008",
     pages     = "064020",
     eprint    = "0804.0628",
     archivePrefix = "arXiv",
     primaryClass  =  "gr-qc",
     SLACcitation  = "%%CITATION = 0804.0628;%%"
}

@Article{Baker:2006ha,
     author    = "Baker, John G. and van Meter, James R. and McWilliams, Sean
                  T. and Centrella, Joan and Kelly, Bernard J.",
     title     = "{Consistency of post-Newtonian waveforms with numerical
                  relativity}",
     journal   = "Phys. Rev. Lett.",
     volume    = "99",
     year      = "2007",
     pages     = "181101",
     eprint    = "gr-qc/0612024",
     archivePrefix = "arXiv",
     doi       = "10.1103/PhysRevLett.99.181101",
     SLACcitation  = "%%CITATION = GR-QC/0612024;%%"
}

@Article{Baker:2006yw,
     author    = "Baker, John G. and Centrella, Joan and Choi, Dae-Il and
                  Koppitz, Michael and van Meter, James",
     title     = "{Binary black hole merger dynamics and waveforms}",
     journal   = "Phys. Rev. D",
     volume    = "73",
     year      = "2006",
     pages     = "104002",
     eprint    = "gr-qc/0602026",
     archivePrefix = "arXiv",
     doi       = "10.1103/PhysRevD.73.104002",
     SLACcitation  = "%%CITATION = GR-QC/0602026;%%"
}

@Article{Gundlach:2006tw,
     author    = "Gundlach, Carsten and Martin-Garcia, Jose M.",
     title     = "{Well-posedness of formulations of the Einstein equations
                  with dynamical lapse and shift conditions}",
     journal   = "Phys. Rev. D",
     volume    = "74",
     year      = "2006",
     pages     = "024016",
     eprint    = "gr-qc/0604035",
     archivePrefix = "arXiv",
     doi       = "10.1103/PhysRevD.74.024016",
     SLACcitation  = "%%CITATION = GR-QC/0604035;%%"
}

@unpublished{Scheel:2008rj,
     author    = "Scheel, Mark A. and others",
     title     = "{High-accuracy waveforms for binary black hole inspiral,
                  merger, and ringdown}",
     year      = "2008",
     eprint    = "0810.1767",
     archivePrefix = "arXiv",
     primaryClass  =  "gr-qc",
     SLACcitation  = "%%CITATION = 0810.1767;%%"
}

@Article{Vaishnav:2007nm,
     author    = "Vaishnav, Birjoo and Hinder, Ian and Herrmann, Frank and
                  Shoemaker, Deirdre",
     title     = "{Matched Filtering of Numerical Relativity Templates of
                  Spinning Binary   Black Holes}",
     journal   = "Phys. Rev. D",
     volume    = "76",
     year      = "2007",
     pages     = "084020",
     eprint    = "0705.3829",
     archivePrefix = "arXiv",
     primaryClass  =  "gr-qc",
     doi       = "10.1103/PhysRevD.76.084020",
     SLACcitation  = "%%CITATION = 0705.3829;%%"
}

@Article{Etienne:2007hr,
     author    = "Etienne, Zachariah B. and Faber, Joshua A. and Liu, Yuk
                  Tung and Shapiro, Stuart L. and Baumgarte, Thomas W.",
     title     = "{Filling the holes: Evolving excised binary black hole
                  initial data with puncture techniques}",
     journal   = "Phys. Rev. D",
     volume    = "76",
     year      = "2007",
     pages     = "101503",
     eprint    = "0707.2083",
     archivePrefix = "arXiv",
     primaryClass  =  "gr-qc",
     doi       = "10.1103/PhysRevD.76.101503",
     SLACcitation  = "%%CITATION = 0707.2083;%%"
}

@Article{Etienne:2007jg,
     author    = "Etienne, Zachariah B. and others",
     title     = "{Fully General Relativistic Simulations of Black Hole-
                  Neutron Star Mergers}",
     journal   = "Phys. Rev. D",
     volume    = "77",
     year      = "2008",
     pages     = "084002",
     eprint    = "0712.2460",
     archivePrefix = "arXiv",
     primaryClass  =  "astro-ph",
     doi       = "10.1103/PhysRevD.77.084002",
     SLACcitation  = "%%CITATION = 0712.2460;%%"
}

@Article{Marronetti:2007ya,
     author    = "Marronetti, Pedro and others",
     title     = "{Binary black holes on a budget: Simulations using
                  workstations}",
     journal   = "Class. Quant. Grav.",
     volume    = "24",
     year      = "2007",
     pages     = "S43-S58",
     eprint    = "gr-qc/0701123",
     archivePrefix = "arXiv",
     doi       = "10.1088/0264-9381/24/12/S05",
     SLACcitation  = "%%CITATION = GR-QC/0701123;%%"
}

@Article{Tichy:2008du,
     author    = "Tichy, Wolfgang and Marronetti, Pedro",
     title     = "{The final mass and spin of black hole mergers}",
     journal   = "Phys. Rev. D",
     volume    = "78",
     year      = "2008",
     pages     = "081501",
     eprint    = "0807.2985",
     archivePrefix = "arXiv",
     primaryClass  =  "gr-qc",
     doi       = "10.1103/PhysRevD.78.081501",
     SLACcitation  = "%%CITATION = 0807.2985;%%"
}

@Article{Marronetti:2007wz,
     author    = "Marronetti, Pedro and Tichy, Wolfgang and Bruegmann, Bernd
                  and Gonzalez, Jose and Sperhake, Ulrich",
     title     = "{High-spin binary black hole mergers}",
     journal   = "Phys. Rev. D",
     volume    = 77,
     year      = "2008",
     pages     = "064010",
     eprint    = "0709.2160",
     archivePrefix = "arXiv",
     primaryClass  =  "gr-qc",
     doi       = "10.1103/PhysRevD.77.064010",
     SLACcitation  = "%%CITATION = 0709.2160;%%"
}

@Article{Tichy:2007hk,
     author    = "Tichy, Wolfgang and Marronetti, Pedro",
     title     = "{Binary black hole mergers: Large kicks for generic spin
                  orientations}",
     journal   = "Phys. Rev. D",
     volume    = 76,
     year      = "2007",
     pages     = "061502",
     eprint    = "gr-qc/0703075",
     archivePrefix = "arXiv",
     doi       = "10.1103/PhysRevD.76.061502",
     SLACcitation  = "%%CITATION = GR-QC/0703075;%%"
}

@Article{Blanchet:2001ax,
     author    = "Blanchet, Luc and Faye, Guillaume and Iyer, Bala R. and
                  Joguet, Benoit",
     title     = "{Gravitational-wave inspiral of compact binary systems to
                  7/2  post-Newtonian order}",
     journal   = "Phys. Rev.",
     volume    = "D65",
     year      = "2002",
     pages     = "061501",
     eprint    = "gr-qc/0105099",
     archivePrefix = "arXiv",
     doi       = "10.1103/PhysRevD.65.061501",
     SLACcitation  = "%%CITATION = GR-QC/0105099;%%"
}

@Article{Blanchet:2004ek,
     author    = "Blanchet, Luc and Damour, Thibault and Esposito-Farese,
                  Gilles and Iyer, Bala R.",
     title     = "{Gravitational radiation from inspiralling compact binaries
                  completed at  the third post-Newtonian order}",
     journal   = "Phys. Rev. Lett.",
     volume    = "93",
     year      = "2004",
     pages     = "091101",
     eprint    = "gr-qc/0406012",
     archivePrefix = "arXiv",
     doi       = "10.1103/PhysRevLett.93.091101",
     SLACcitation  = "%%CITATION = GR-QC/0406012;%%"
}

@Article{Blanchet:1996pi,
     author    = "Blanchet, Luc and Iyer, Bala R. and Will, Clifford M. and
                  Wiseman, Alan G.",
     title     = "{Gravitational wave forms from inspiralling compact
                  binaries to second-post-Newtonian order}",
     journal   = "Class. Quant. Grav.",
     volume    = "13",
     year      = "1996",
     pages     = "575-584",
     eprint    = "gr-qc/9602024",
     archivePrefix = "arXiv",
     doi       = "10.1088/0264-9381/13/4/002",
     SLACcitation  = "%%CITATION = GR-QC/9602024;%%"
}

@Article{Blanchet:1995ez,
     author    = "Blanchet, Luc and Damour, Thibault and Iyer, Bala R. and
                  Will, Clifford M. and Wiseman, Alan. G.",
     title     = "{Gravitational radiation damping of compact binary systems
                  to second postNewtonian order}",
     journal   = "Phys. Rev. Lett.",
     volume    = "74",
     year      = "1995",
     pages     = "3515-3518",
     eprint    = "gr-qc/9501027",
     archivePrefix = "arXiv",
     doi       = "10.1103/PhysRevLett.74.3515",
     SLACcitation  = "%%CITATION = GR-QC/9501027;%%"
}

@Article{Boyle:2009dg,
     author    = "Boyle, Michael and Brown, Duncan A. and Pekowsky, Larne",
     title     = "{Comparison of high-accuracy numerical simulations of
                  black-hole binaries with stationary phase post-Newtonian
                  template waveforms for Initial and Advanced LIGO}",
     year      = "2009",
     eprint    = "0901.1628",
     archivePrefix = "arXiv",
     primaryClass  =  "gr-qc",
     SLACcitation  = "%%CITATION = 0901.1628;%%"
}

@Article{Abbott:2009tt,
     author    = "Abbott, B and others",
     collaboration = "LIGO Scientific",
     title     = "{Search for Gravitational Waves from Low Mass Binary
                  Coalescences in the First Year of LIGO's S5 Data}",
     year      = "2009",
     eprint    = "0901.0302",
     archivePrefix = "arXiv",
     primaryClass  =  "gr-qc",
     SLACcitation  = "%%CITATION = 0901.0302;%%"
}

@Article{York:1998hy,
     author    = "York, James W. , Jr.",
     title     = "{Conformal 'thin sandwich' data for the initial-value
                  problem}",
     journal   = "Phys. Rev. Lett.",
     volume    = "82",
     year      = "1999",
     pages     = "1350-1353",
     eprint    = "gr-qc/9810051",
     archivePrefix = "arXiv",
     doi       = "10.1103/PhysRevLett.82.1350",
     SLACcitation  = "%%CITATION = GR-QC/9810051;%%"
}

@Article{Hannam:2009hh,
     author    = "Hannam, Mark and others",
     title     = "{The Samurai Project: verifying the consistency of black-
                  hole-binary waveforms for gravitational-wave detection}",
     year      = "2009",
     eprint    = "0901.2437",
     archivePrefix = "arXiv",
     primaryClass  =  "gr-qc",
     SLACcitation  = "%%CITATION = 0901.2437;%%"
}

@Article{Nakamura:1987zz,
     author    = "Nakamura, T. and Oohara, K. and Kojima, Y.",
     title     = "{General Relativistic Collapse to Black Holes and
                  Gravitational Waves from Black Holes}",
     journal   = "Prog. Theor. Phys. Suppl.",
     volume    = "90",
     year      = "1987",
     pages     = "1-218",
     SLACcitation  = "%%CITATION = PTPSA,90,1;%%"
}

@Article{Campanelli:2007ew,
     author    = "Campanelli, Manuela and Lousto, Carlos O. and Zlochower,
                  Yosef and Merritt, David",
     title     = "{Large Merger Recoils and Spin Flips From Generic Black-
                  Hole Binaries}",
     journal   = "Astrophys. J.",
     volume    = "659",
     year      = "2007",
     pages     = "L5-L8",
     eprint    = "gr-qc/0701164",
     archivePrefix = "arXiv",
     SLACcitation  = "%%CITATION = GR-QC/0701164;%%"
}

@Article{Gonzalez:2007hi,
     author    = "Gonzalez, J. A. and Hannam, M. D. and Sperhake, U. and
                  Bruegmann, Bernd and Husa, S.",
     title     = "{Supermassive kicks for spinning black holes}",
     journal   = "Phys. Rev. Lett.",
     volume    = "98",
     year      = "2007",
     pages     = "231101",
     eprint    = "gr-qc/0702052",
     archivePrefix = "arXiv",
     doi       = "10.1103/PhysRevLett.98.231101",
     SLACcitation  = "%%CITATION = GR-QC/0702052;%%"
}

@Article{Campanelli:2007cga,
     author    = "Campanelli, Manuela and Lousto, Carlos O. and Zlochower,
                  Yosef and Merritt, David",
     title     = "{Maximum gravitational recoil}",
     journal   = "Phys. Rev. Lett.",
     volume    = "98",
     year      = "2007",
     pages     = "231102",
     eprint    = "gr-qc/0702133",
     archivePrefix = "arXiv",
     doi       = "10.1103/PhysRevLett.98.231102",
     SLACcitation  = "%%CITATION = GR-QC/0702133;%%"
}

@Article{Herrmann:2007ex,
     author    = "Herrmann, Frank and Hinder, Ian and Shoemaker, Deirdre M.
                  and Laguna, Pablo and Matzner, Richard A.",
     title     = "{Binary Black Holes: Spin Dynamics and Gravitational
                  Recoil}",
     journal   = "Phys. Rev. D",
     volume    = 76,
     year      = "2007",
     pages     = "084032",
     eprint    = "0706.2541",
     archivePrefix = "arXiv",
     primaryClass  =  "gr-qc",
     doi       = "10.1103/PhysRevD.76.084032",
     SLACcitation  = "%%CITATION = 0706.2541;%%"
}

@Article{Schnittman:2007ij,
     author    = "Schnittman, Jeremy D. and others",
     title     = "{Anatomy of the binary black hole recoil: A multipolar
                  analysis}",
     journal   = "Phys. Rev. D",
     volume    = 77,
     year      = "2008",
     pages     = "044031",
     eprint    = "0707.0301",
     archivePrefix = "arXiv",
     primaryClass  =  "gr-qc",
     doi       = "10.1103/PhysRevD.77.044031",
     SLACcitation  = "%%CITATION = 0707.0301;%%"
}

@Article{Lousto:2007db,
     author    = "Lousto, Carlos O. and Zlochower, Yosef",
     title     = "{Further insight into gravitational recoil}",
     journal   = "Phys. Rev. D",
     volume    = 77,
     year      = "2008",
     pages     = "044028",
     eprint    = "0708.4048",
     archivePrefix = "arXiv",
     primaryClass  =  "gr-qc",
     doi       = "10.1103/PhysRevD.77.044028",
     SLACcitation  = "%%CITATION = 0708.4048;%%"
}

@Article{Baker:2008md,
     author    = "Baker, John G. and others",
     title     = "{Modeling kicks from the merger of generic black-hole
                  binaries}",
     journal   = "Astrophys. J.",
     volume    = "682",
     year      = "2008",
     pages     = "L29",
     eprint    = "0802.0416",
     archivePrefix = "arXiv",
     primaryClass  =  "astro-ph",
     SLACcitation  = "%%CITATION = 0802.0416;%%"
}

@Article{Dain:2008ck,
     author    = "Dain, Sergio and Lousto, Carlos O. and Zlochower, Yosef",
     title     = "{Extra-Large Remnant Recoil Velocities and Spins from Near-
                  Extremal-Bowen-York-Spin Black-Hole Binaries}",
     journal   = "Phys. Rev. D",
     volume    = 78,
     year      = "2008",
     pages     = "024039",
     eprint    = "0803.0351",
     archivePrefix = "arXiv",
     primaryClass  =  "gr-qc",
     doi       = "10.1103/PhysRevD.78.024039",
     SLACcitation  = "%%CITATION = 0803.0351;%%"
}

@unpublished{Healy:2008js,
     author    = "Healy, James and others",
     title     = "{Superkicks in Hyperbolic Encounters of Binary Black
                  Holes}",
     year      = "2008",
     eprint    = "0807.3292",
     archivePrefix = "arXiv",
     primaryClass  =  "gr-qc",
     SLACcitation  = "%%CITATION = 0807.3292;%%"
}

@unpublished{Gonzalez:2008bi,
  author = {Gonzalez, Jose A. and Sperhake, Ulrich and Br\"{u}gmann, Bernd},
     title     = "{Black-hole binary simulations: the mass ratio 10:1}",
     year      = "2008",
     eprint    = "0811.3952",
     archivePrefix = "arXiv",
     primaryClass  =  "gr-qc",
     SLACcitation  = "%%CITATION = 0811.3952;%%"
}

@Article{Campanelli:2006fg,
     author    = "Campanelli, Manuela and Lousto, C. O. and Zlochower, Yosef
                  ",
     title     = "{Spin-orbit interactions in black-hole binaries}",
     journal   = "Phys. Rev. D",
     volume    = 74,
     year      = "2006",
     pages     = "084023",
     eprint    = "astro-ph/0608275",
     archivePrefix = "arXiv",
     doi       = "10.1103/PhysRevD.74.084023",
     SLACcitation  = "%%CITATION = ASTRO-PH/0608275;%%"
}

@Article{Campanelli:2006fy,
     author    = "Campanelli, Manuela and Lousto, Carlos O. and Zlochower,
                  Yosef and Krishnan, Badri and Merritt, David",
     title     = "{Spin Flips and Precession in Black-Hole-Binary Mergers}",
     journal   = "Phys. Rev. D",
     volume    = 75,
     year      = "2007",
     pages     = "064030",
     eprint    = "gr-qc/0612076",
     archivePrefix = "arXiv",
     doi       = "10.1103/PhysRevD.75.064030",
     SLACcitation  = "%%CITATION = GR-QC/0612076;%%"
}

@Article{Rezzolla:2007xa,
     author    = "Rezzolla, Luciano and others",
     title     = "{Spin Diagrams for Equal-Mass Black-Hole Binaries with
                  Aligned Spins}",
     journal   = "Astrophys. J.",
     volume    = 679,
     year      = "2008",
     pages     = "1422-1426",
     eprint    = "0708.3999",
     archivePrefix = "arXiv",
     primaryClass  =  "gr-qc",
     SLACcitation  = "%%CITATION = 0708.3999;%%"
}

@Article{Rezzolla:2007rd,
     author    = "Rezzolla, Luciano and others",
     title     = "{The final spin from the coalescence of aligned-spin black-
                  hole binaries}",
     journal   = "Astrophys. J.",
     volume    = "674",
     year      = "2008",
     pages     = "L29-L32",
     eprint    = "0710.3345",
     archivePrefix = "arXiv",
     primaryClass  =  "gr-qc",
     SLACcitation  = "%%CITATION = 0710.3345;%%"
}

@unpublished{Rezzolla:2008sd,
     author    = "Rezzolla, Luciano",
     title     = "{Modelling the final state from binary black-hole
                  coalescences}",
     year      = "2008",
     eprint    = "0812.2325",
     archivePrefix = "arXiv",
     primaryClass  =  "gr-qc",
     SLACcitation  = "%%CITATION = 0812.2325;%%"
}

@Article{Sperhake:2007gu,
     author    = "Sperhake, Ulrich and others",
     title     = "{Eccentric binary black-hole mergers: The transition from
                  inspiral to plunge in general relativity}",
     journal   = "Phys. Rev. D",
     volume    = 78,
     year      = "2008",
     pages     = "064069",
     eprint    = "0710.3823",
     archivePrefix = "arXiv",
     primaryClass  =  "gr-qc",
     doi       = "10.1103/PhysRevD.78.064069",
     SLACcitation  = "%%CITATION = 0710.3823;%%"
}

@Article{Nagar:2005ea,
     author    = "Nagar, Alessandro and Rezzolla, Luciano",
     title     = "Gauge-invariant non-spherical metric perturbations of
                  {S}chwarzschild black-hole spacetimes",
     journal   = "Class. Quant. Grav.",
     volume    = "22",
     year      = "2005",
     pages     = "R167",
     eprint    = "gr-qc/0502064",
     SLACcitation  = "%%CITATION = GR-QC/0502064;%%"
}

@Article{Boyle:2007sz,
     author    = "Boyle, Latham and Kesden, Michael and Nissanke, Samaya",
     title     = "{Binary black hole merger: symmetry and the spin
                  expansion}",
     journal   = "Phys. Rev. Lett.",
     volume    = "100",
     year      = "2008",
     pages     = "151101",
     eprint    = "0709.0299",
     archivePrefix = "arXiv",
     primaryClass  =  "gr-qc",
     doi       = "10.1103/PhysRevLett.100.151101",
     SLACcitation  = "%%CITATION = 0709.0299;%%"
}

@Article{Boyle:2007ru,
     author    = "Boyle, Latham and Kesden, Michael",
     title     = "{The spin expansion for binary black hole merger: new
                  predictions and future directions}",
     journal   = "Phys. Rev.",
     volume    = "D78",
     year      = "2008",
     pages     = "024017",
     eprint    = "0712.2819",
     archivePrefix = "arXiv",
     primaryClass  =  "astro-ph",
     doi       = "10.1103/PhysRevD.78.024017",
     SLACcitation  = "%%CITATION = 0712.2819;%%"
}

@Article{Gonzalez:2006md,
     author    = "Gonzalez, Jose A. and Sperhake, Ulrich and Bruegmann, Bernd
                  and Hannam, Mark and Husa, Sascha",
     title     = "{Total recoil: the maximum kick from nonspinning black-hole
                  binary inspiral}",
     journal   = "Phys. Rev. Lett.",
     volume    = "98",
     year      = "2007",
     pages     = "091101",
     eprint    = "gr-qc/0610154",
     archivePrefix = "arXiv",
     doi       = "10.1103/PhysRevLett.98.091101",
     SLACcitation  = "%%CITATION = GR-QC/0610154;%%"
}

@Article{Baker:2006vn,
     author    = "Baker, John G. and others",
     title     = "{Getting a kick out of numerical relativity}",
     journal   = "Astrophys. J.",
     volume    = "653",
     year      = "2006",
     pages     = "L93-L96",
     eprint    = "astro-ph/0603204",
     archivePrefix = "arXiv",
     SLACcitation  = "%%CITATION = ASTRO-PH/0603204;%%"
}

@Article{Herrmann:2007ac,
     author    = "Herrmann, Frank and Hinder, Ian and Shoemaker, Deirdre and
                  Laguna, Pablo and Matzner, Richard A.",
     title     = "{Gravitational recoil from spinning binary black hole
                  mergers}",
     journal   = "Astrophys. J.",
     volume = 661,
     pages = {430-436},
     year      = "2007",
     eprint    = "gr-qc/0701143",
     archivePrefix = "arXiv",
     SLACcitation  = "%%CITATION = GR-QC/0701143;%%"
}

@Article{Thornburg:2007hu,
     author    = "Thornburg, Jonathan and others",
     title     = "{Are moving punctures equivalent to moving black holes?}",
     journal   = "Class. Quant. Grav.",
     volume    = "24",
     year      = "2007",
     pages     = "3911-3918",
     eprint    = "gr-qc/0701038",
     archivePrefix = "arXiv",
     doi       = "10.1088/0264-9381/24/15/009",
     SLACcitation  = "%%CITATION = GR-QC/0701038;%%"
}

@Article{Koppitz:2007ev,
     author    = "Koppitz, Michael and others",
     title     = "{Getting a kick from equal-mass binary black hole
                  mergers}",
     journal   = "Phys. Rev. Lett.",
     volume    = "99",
     year      = "2007",
     pages     = "041102",
     eprint    = "gr-qc/0701163",
     archivePrefix = "arXiv",
     doi       = "10.1103/PhysRevLett.99.041102",
     SLACcitation  = "%%CITATION = GR-QC/0701163;%%"
}

@Article{Baker:2007gi,
     author    = "Baker, John G. and others",
     title     = "Modeling kicks from the merger of non-precessing black-hole
                  binaries",
     journal   = "Astrophys. J.",
     volume    = "668",
     year      = "2007",
     pages     = "1140-1144",
     note    = "astro-ph/0702390",
     SLACcitation  = "%%CITATION = ASTRO-PH/0702390;%%"
}

@Article{Herrmann:2006ks,
     author    = "Herrmann, F. and Hinder, I. and Shoemaker, D. and Laguna, P.",
     title     = "{Unequal Mass Binary Black Hole Plunges and Gravitational
                  Recoil}",
     year      = "2007",
     journal   = "Class. Quant. Grav.",
     eprint    = "gr-qc/0601026",
     archivePrefix = "arXiv",
     SLACcitation  = "%%CITATION = GR-QC/0601026;%%"
}

%%%%%%%%%%%%%%%%%%%%%%%%%%%%%%%%%%%%%%%%%%%%%%%%%%%%%%%%%%%%%%%%%%%%%%%%%%%%%%
%
% Journal Articles not found in SPIRES

@Article{Einstein:1916,
   author = {Einstein, A.},
    title = "{Approximative Integration of the Field Equations of Gravitation}",
  journal = {Preuss. Akad. Weiss. Berlin},
     year = 1916,
    pages = {688},
}

@article{MacNeice00,
  author   = {MacNeice, P. and Olson, K.M. and Mobarry, C. and de Fainchtein, R. and Packer, C.},
  format   = {print},
  journal  = {Comput. Phys. Commun.},
  keywords = {Numerical methods},
  pages    = {330--354},
  title    = {PARAMESH: A parallel adaptive mesh refinement community toolkit},
  volume   = {126},
  year     = {2000}
}

@article{Huang:1998,
  author   = {Huang, N. E. and Shen, Z. and Long S. R. and Wu, M. C. and Shih, E. H. and Zheng, Q.},
  journal  = {Proc. R. Soc. A},
  pages    = {903},
  volume   = {454},
  year     = {1998}
}

@Article{PhysRevD.71.129902,
  title = {Erratum: Gravitational-wave inspiral of compact binary systems to $7/2$ post-Newtonian order [Phys. Rev. D 65, 061501(R) (2002)]},
  author = {Blanchet, Luc  and Faye, Guillaume  and Iyer, Bala R. and Joguet, Benoit },
  journal = {Phys. Rev. D},
  volume = {71},
  number = {12},
  pages = {129902},
  numpages = {2},
  year = {2005},
  month = {Jun},
  doi = {10.1103/PhysRevD.71.129902},
  publisher = {American Physical Society}
}
%%%%%%%%%%%%%%%%%%%%%%%%%%%%%%%%%%%%%%%%%%%%%%%%%%%%%%%%%%%%%%%%%%%%%%%%%%%%%%
%
% Books and conference proceedings

@inproceedings{Tsubono:2000if,
  author    = "Tsubono, K.",
 collaboration = "TAMA",
  title     = "{TAMA project}",
  booktitle = {Rome 2000, Recent developments in theoretical and experimental general relativity, gravitation and relativistic field theories, Pt. A},
  editor = {V.G. Gurzadyan,  R.T. Jantzen and R. Ruffini},
  publisher = {World Scientific},
  address = {Singapore},
  year = 2002,
  pages = {145--154},
  note      = "Prepared for 9th Marcel Grossmann Meeting on Recent
               Developments in Theoretical and Experimental General
               Relativity, Gravitation and Relativistic Field Theories (MG
               9), Rome, Italy, 2-9 Jul 2000"
}

@Book{Wainstein:1962,
  author	= "L A Wainstein and V D Zubakov",
  title	        = "Extraction of signals from noise",
  publisher	= "Prentice-Hall",
  address	= "Englewood Cliffs, NJ",
  year		= "1962"
}

@Book{Helstrom:1968,
  author	= "C. W. Helmstrom",
  title	        = "Statistical Theory of Signal Detection",
  publisher	= "Permagon",
  address	= "London",
  year		= "1968"
}

@Book{Gustafsson95,
  author =       {Bertil Gustafsson and Heinz-Otto Kreiss and Joseph
                  Oliger},
  title =        {Time dependent problems and difference methods},
  publisher =    {Wiley},
  year =         1995,
  address =      {New York}
}

@Book{Kreiss73,
  author    = {Heinz Otto Kreiss and Joseph Oliger},
  title     = {Methods for the approximate solution of time
               dependent problems},
  publisher = {GARP publication series No. 10},
  year      = 1973,
  address   = {Geneva}
}

@Book{Wald84,
  key =          {Wald84},
  author =       {Robert M. Wald},
  title =        {General relativity},
  publisher =    {The University of Chicago Press},
  year =         1984,
  isbn =         "0-226-87032-4 (hardcover), 0-226-87033-2
                  (paperback)",
  address =      {Chicago},
}

@InCollection{thorne.k:1987,
  author	= {K S Thorne},
  title		= {Gravitational radiation},
  booktitle	= {Three hundred years of gravitation},
  chapter	= {9},
  pages		= {330--458},
  editor	= {S. W. Hawking and W. Israel},
  publisher	= {Cambridge University Press},
  address	= {Cambridge},
  year		= {1987}
}

@inproceedings{York1979,
  author = "York, Jr., J. W.",
  title = "Kinematics and dynamics of general relativity",
  year = "1979",
  pages = "83-126",
  booktitle = "Sources of {G}ravitational {R}adiation",
  editor = "Smarr, L.",
  publisher = "Cambridge University Press, Cambridge"
}

@inproceedings{Goodale02a,
  author =       {T. Goodale and G. Allen and G. Lanfermann and
                  J. Mass{\'o} and T. Radke and E. Seidel and J. Shalf},
  title =        {The {C}actus Framework and Toolkit: Design and
                  Applications},
  booktitle =    {Vector and Parallel Processing -- VECPAR'2002, 5th
                  International Conference, Lecture Notes in Computer
                  Science},
  address =      {Berlin},
  publisher =    {Springer},
  year =         2003,
}

@inproceedings{Skilling:2004,
  author = "Skilling, J.",
  year = "2004",
  pages = "395-405",
  booktitle = "24th International Workshop on Bayesian Inference and Maximum Entropy Methods in Science and Engineering",
  publisher = "AIP, New York"
}

@inproceedings{Arnowitt1962,
  author = "Arnowitt, R. and Deser, S. and Misner, C. W.",
  title = "The dynamics of general relativity",
  year = "1962",
  pages = "227-265",
  booktitle = "Gravitation an introduction to current research",
  editor = "Witten, L.",
  publisher = "John Wiley, New York",
  note = "gr-qc/0405109"
}

%%%%%%%%%%%%%%%%%%%%%%%%%%%%%%%%%%%%%%%%%%%%%%%%%%%%%%%%%%%%%%%%%%%%%%%%%%%%%%
%
% URLs

@misc{lal,
     title = "LSC Algorithm Library",
     url   = "http://www.lsc-group.phys.uwm.edu/lal"
}

@misc{carpet,
     title = "Carpet: A Mesh Refinement driver for Cactus",
     author = "Erik Schnetter",
     url   = "http://www.carpetcode.org/"
}

@misc{cactus,
     title = "Cactus Computational Toolkit",
     url   = "http://www.cactuscode.org/"
}

@misc{Pfeiffer_data,
     title = "Cook-Pfeiffer initial data",
     url = "http://www.black-holes.org/~harald/PublicID/Nonspinning/BBH_QuasiEquilibrium_Nonspinning_59a_10.00.tgz"
}

@misc{Lorene,
     note = {{\tt http://www.lorene.obspm.fr/}}
}

%%%%%%%%%%%%%%%%%%%%%%%%%%%%%%%%%%%%%%%%%%%%%%%%%%%%%%%%%%%%%%%%%%%%%%%%%%%%%%
%
% Masters and PhD theses

@mastersthesis{Rodriguez:2007,
     author = "Rodr\'iguez, Andres",
     title = "Reducing false alarms in searches for gravitational waves from
	      coalescing binary systems",
     school = "Louisiana State University",
     year = "2007",
     url       = "http://www.ligo.caltech.edu/docs/P/P070056-00.pdf"

}

@phdthesis{Brown:2004,
     author = "Brown, Duncan A",
     title = "Search for gravitational radiation from black hole {MACHOs} in the {G}alactic halo",
     school = "University of Wisconsin--Milwaukee",
     year = "2004"
}

@phdthesis{Chatterji:2005,
     author = "Chatterji, Shourov K.",
     title = "The search for gravitational-wave bursts in data from the second LIGO science run",
     school = "MIT",
     year = "2005"
}

@phdthesis{Goggin:2008,
     author = "Goggin, L. M.",
     title = "A search for gravitational waves from perturbed black hole ringdowns in LIGO data",
     school = "Caltech",
     year = "2008"
}

%%%%%%%%%%%%%%%%%%%%%%%%%%%%%%%%%%%%%%%%%%%%%%%%%%%%%%%%%%%%%%%%%%%%%%%%%%%%%%
%
% Technical reports

@TechReport{LIGOS3S4Tuning,
     author    = "{The {LIGO} Scientific Collaboration}",
     title     = "Tuning matched filter searches for compact binary coalescence",
     institution = "{LIGO} Project",
     year      = 2007,
     number    = "{LIGO}-T070109-01",
     adsurl       = "http://www.ligo.caltech.edu/docs/T/T070109-01.pdf",
     url       = "http://www.ligo.caltech.edu/docs/T/T070109-01.pdf"
}

%%%%%%%%%%%%%%%%%%%%%%%%%%%%%%%%%%%%%%%%%%%%%%%%%%%%%%%%%%%%%%%%%%%%%%%%%%%%%%
%
% Papers in preparation

@Misc{Stroeer:2008,
     author    = "Stroeer, A. and Camp, J and Cannizzo, J. and Gagarin, N.",
     year      = 2008,
     note      = "In preparation"
}

@Misc{hht:astroeer2008,
     author    = "Stroeer, A. and Camp, J.",
     year      = 2008,
     note      = "NRDA proceedings, in preparation, to appear in same volume"
}
  
@Misc{LSCburstS5y1,
     author    = "LSC",
     title     = "{Burst analysis in the 5th science run (descriptive title)}",
     year      = 2009,
     note      = "In preparation"
}

@article{VanDenBroeck:2009,
   author = "Van Den Broeck, C and others",
   title = "Template banks to search for compact binaries with spinning components in gravitational wave data",
   year = "2009",
   note = "In preparation"
}

@Article{Farr:2009,
     author    = "Farr, Ben and Fairhurst, Stephen and Sathyaprakash, Bangalore",
     title     = "{Searching for binary coalescences with inspiral templates:
Detection and parameter estimation}",
     year      = "2009",
     note = "In preparation"
}

