%% This BibTeX bibliography file was created using BibDesk.
%% http://bibdesk.sourceforge.net/


%% Created for Larne Pekowsky at 2011-06-29 15:25:11 -0400 


%% Saved with string encoding Unicode (UTF-8) 



@article{Hannam:2009rd,
	Archiveprefix = {arXiv},
	Author = {Hannam, Mark},
	Date-Added = {2011-06-29 15:22:38 -0400},
	Date-Modified = {2011-06-29 15:22:38 -0400},
	Eprint = {0901.2931},
	Primaryclass = {gr-qc},
	Slaccitation = {%%CITATION = 0901.2931;%%},
	Title = {{Status of black-hole-binary simulations for gravitational- wave detection}},
	Year = {2009}}

@article{Bose:1999pj,
	Archiveprefix = {arXiv},
	Author = {Bose, Sukanta and Pai, Archana and Dhurandhar, Sanjeev V.},
	Date-Added = {2011-06-29 15:22:38 -0400},
	Date-Modified = {2011-06-29 15:22:39 -0400},
	Doi = {10.1142/S0218271800000360},
	Eprint = {gr-qc/0002010},
	Journal = {Int. J. Mod. Phys.},
	Pages = {325-329},
	Slaccitation = {%%CITATION = GR-QC/0002010;%%},
	Title = {{Detection of gravitational waves from inspiraling compact binaries using a network of interferometric detectors}},
	Volume = {D9},
	Year = {2000},
	Bdsk-Url-1 = {http://dx.doi.org/10.1142/S0218271800000360}}

@article{Arnaud:2007vr,
	Archiveprefix = {arXiv},
	Author = {Arnaud, K. A. and others},
	Date-Added = {2011-06-29 15:22:38 -0400},
	Date-Modified = {2011-06-29 15:22:39 -0400},
	Doi = {10.1088/0264-9381/24/19/S16},
	Eprint = {gr-qc/0701139},
	Journal = {Class. Quant. Grav.},
	Pages = {S529-S540},
	Slaccitation = {%%CITATION = GR-QC/0701139;%%},
	Title = {{Report on the first round of the Mock LISA Data Challenges}},
	Volume = {24},
	Year = {2007},
	Bdsk-Url-1 = {http://dx.doi.org/10.1088/0264-9381/24/19/S16}}

@article{Babak:2007zd,
	Archiveprefix = {arXiv},
	Author = {Babak, Stanislav and others},
	Collaboration = {Mock LISA Data Challenge Task Force},
	Date-Added = {2011-06-29 15:22:38 -0400},
	Date-Modified = {2011-06-29 15:22:39 -0400},
	Doi = {10.1088/0264-9381/25/11/114037},
	Eprint = {0711.2667},
	Journal = {Class. Quant. Grav.},
	Pages = {114037},
	Primaryclass = {gr-qc},
	Slaccitation = {%%CITATION = 0711.2667;%%},
	Title = {{Report on the second Mock LISA Data Challenge}},
	Volume = {25},
	Year = {2008},
	Bdsk-Url-1 = {http://dx.doi.org/10.1088/0264-9381/25/11/114037}}

@article{Rover:2006ni,
	Archiveprefix = {arXiv},
	Author = {Rover, Christian and Meyer, Renate and Christensen, Nelson},
	Date-Added = {2011-06-29 15:22:38 -0400},
	Date-Modified = {2011-06-29 15:22:39 -0400},
	Eprint = {gr-qc/0602067},
	Journal = {Class. Quant. Grav.},
	Pages = {4895-4906},
	Slaccitation = {%%CITATION = GR-QC/0602067;%%},
	Title = {{Bayesian inference on compact binary inspiral gravitational radiation signals in interferometric data}},
	Volume = {23},
	Year = {2006}}

@article{Uchiyama:2004vr,
	Author = {Uchiyama, T. and others},
	Date-Added = {2011-06-29 15:22:38 -0400},
	Date-Modified = {2011-06-29 15:22:39 -0400},
	Journal = {Class. Quant. Grav.},
	Pages = {S1161-S1172},
	Slaccitation = {%%CITATION = CQGRD,21,S1161;%%},
	Title = {{Present status of large-scale cryogenic gravitational wave telescope}},
	Volume = {21},
	Year = {2004}}

@article{Peters:1963ux,
	Author = {Peters, P. C. and Mathews, J.},
	Date-Added = {2011-06-29 15:22:38 -0400},
	Date-Modified = {2011-06-29 15:22:39 -0400},
	Doi = {10.1103/PhysRev.131.435},
	Journal = {Phys. Rev.},
	Pages = {435-439},
	Slaccitation = {%%CITATION = PHRVA,131,435;%%},
	Title = {{Gravitational radiation from point masses in a Keplerian orbit}},
	Volume = {131},
	Year = {1963},
	Bdsk-Url-1 = {http://dx.doi.org/10.1103/PhysRev.131.435}}

@article{Peters:1964zz,
	Author = {Peters, P. C.},
	Date-Added = {2011-06-29 15:22:38 -0400},
	Date-Modified = {2011-06-29 15:22:39 -0400},
	Doi = {10.1103/PhysRev.136.B1224},
	Journal = {Phys. Rev.},
	Pages = {B1224-B1232},
	Slaccitation = {%%CITATION = PHRVA,136,B1224;%%},
	Title = {{Gravitational Radiation and the Motion of Two Point Masses}},
	Volume = {136},
	Year = {1964},
	Bdsk-Url-1 = {http://dx.doi.org/10.1103/PhysRev.136.B1224}}

@article{Abramovici:1992ah,
	Author = {Abramovici, Alex and others},
	Date-Added = {2011-06-29 15:22:38 -0400},
	Date-Modified = {2011-06-29 15:22:39 -0400},
	Journal = {Science},
	Pages = {325-333},
	Slaccitation = {%%CITATION = SCIEA,256,325;%%},
	Title = {{LIGO: The Laser interferometer gravitational wave observatory}},
	Volume = {256},
	Year = {1992}}

@article{Barish:1999vh,
	Author = {Barish, B. C. and Weiss, R.},
	Date-Added = {2011-06-29 15:22:38 -0400},
	Date-Modified = {2011-06-29 15:22:39 -0400},
	Journal = {Phys. Today},
	Pages = {44-50},
	Slaccitation = {%%CITATION = PHTOA,52N10,44;%%},
	Title = {{LIGO and the detection of gravitational waves}},
	Volume = {52N10},
	Year = {1999}}

@article{Willke:2007zz,
	Author = {Willke, Benno},
	Collaboration = {LIGO Scientific},
	Date-Added = {2011-06-29 15:22:38 -0400},
	Date-Modified = {2011-06-29 15:22:39 -0400},
	Doi = {10.1088/0264-9381/24/19/S02},
	Journal = {Class. Quant. Grav.},
	Pages = {S389-S397},
	Slaccitation = {%%CITATION = CQGRD,24,S389;%%},
	Title = {{GEO600: Status and plans}},
	Volume = {24},
	Year = {2007},
	Bdsk-Url-1 = {http://dx.doi.org/10.1088/0264-9381/24/19/S02}}

@article{Abbott:2003vs,
	Archiveprefix = {arXiv},
	Author = {Abbott, B. and others},
	Collaboration = {LIGO Scientific},
	Date-Added = {2011-06-29 15:22:38 -0400},
	Date-Modified = {2011-06-29 15:22:39 -0400},
	Doi = {10.1016/j.nima.2003.11.124},
	Eprint = {gr-qc/0308043},
	Journal = {Nucl. Instrum. Meth.},
	Pages = {154-179},
	Slaccitation = {%%CITATION = GR-QC/0308043;%%},
	Title = {{Detector description and performance for the first coincidence observations between LIGO and GEO}},
	Volume = {A517},
	Year = {2004},
	Bdsk-Url-1 = {http://dx.doi.org/10.1016/j.nima.2003.11.124}}

@unpublished{Abbott:2007kva,
	Archiveprefix = {arXiv},
	Author = {Abbott, B. and others},
	Collaboration = {LIGO Scientific},
	Date-Added = {2011-06-29 15:22:38 -0400},
	Date-Modified = {2011-06-29 15:22:39 -0400},
	Eprint = {0711.3041},
	Primaryclass = {gr-qc},
	Slaccitation = {%%CITATION = 0711.3041;%%},
	Title = {{LIGO: The Laser Interferometer Gravitational-Wave Observatory}},
	Year = {2007}}

@article{Acernese:2008zz,
	Author = {Acernese, F. and others},
	Date-Added = {2011-06-29 15:22:38 -0400},
	Date-Modified = {2011-06-29 15:22:39 -0400},
	Doi = {10.1088/1742-6596/120/3/032007},
	Journal = {J. Phys. Conf. Ser.},
	Pages = {032007},
	Slaccitation = {%%CITATION = 00462,120,032007;%%},
	Title = {{VIRGO: A large interferometer for gravitational wave detection started its first scientific run}},
	Volume = {120},
	Year = {2008},
	Bdsk-Url-1 = {http://dx.doi.org/10.1088/1742-6596/120/3/032007}}

@article{Acernese:2005yh,
	Author = {Acernese, F. and others},
	Collaboration = {VIRGO},
	Date-Added = {2011-06-29 15:22:38 -0400},
	Date-Modified = {2011-06-29 15:22:39 -0400},
	Doi = {10.1063/1.2125677},
	Journal = {AIP Conf. Proc.},
	Pages = {307-310},
	Slaccitation = {%%CITATION = APCPC,794,307;%%},
	Title = {{The Virgo detector}},
	Volume = {794},
	Year = {2005},
	Bdsk-Url-1 = {http://dx.doi.org/10.1063/1.2125677}}

@article{Buonanno:1998gg,
	Archiveprefix = {arXiv},
	Author = {Buonanno, A. and Damour, T.},
	Date-Added = {2011-06-29 15:22:38 -0400},
	Date-Modified = {2011-06-29 15:22:39 -0400},
	Doi = {10.1103/PhysRevD.59.084006},
	Eprint = {gr-qc/9811091},
	Journal = {Phys. Rev. D},
	Pages = {084006},
	Slaccitation = {%%CITATION = GR-QC/9811091;%%},
	Title = {{Effective one-body approach to general relativistic two- body dynamics}},
	Volume = {59},
	Year = {1999},
	Bdsk-Url-1 = {http://dx.doi.org/10.1103/PhysRevD.59.084006}}

@article{Damour:1997ub,
	Archiveprefix = {arXiv},
	Author = {Damour, Thibault and Iyer, Bala R. and Sathyaprakash, B. S.},
	Date-Added = {2011-06-29 15:22:38 -0400},
	Date-Modified = {2011-06-29 15:22:39 -0400},
	Doi = {10.1103/PhysRevD.57.885},
	Eprint = {gr-qc/9708034},
	Journal = {Phys. Rev.},
	Pages = {885-907},
	Slaccitation = {%%CITATION = GR-QC/9708034;%%},
	Title = {{Improved filters for gravitational waves from inspiralling compact binaries}},
	Volume = {D57},
	Year = {1998},
	Bdsk-Url-1 = {http://dx.doi.org/10.1103/PhysRevD.57.885}}

@article{Damour:2000we,
	Archiveprefix = {arXiv},
	Author = {Damour, Thibault and Jaranowski, Piotr and Schaefer, Gerhard},
	Date-Added = {2011-06-29 15:22:38 -0400},
	Date-Modified = {2011-06-29 15:22:39 -0400},
	Doi = {10.1103/PhysRevD.62.084011},
	Eprint = {gr-qc/0005034},
	Journal = {Phys. Rev.},
	Pages = {084011},
	Slaccitation = {%%CITATION = GR-QC/0005034;%%},
	Title = {{On the determination of the last stable orbit for circular general relativistic binaries at the third post-Newtonian approximation}},
	Volume = {D62},
	Year = {2000},
	Bdsk-Url-1 = {http://dx.doi.org/10.1103/PhysRevD.62.084011}}

@article{Konigsdorffer:2006zt,
	Archiveprefix = {arXiv},
	Author = {Konigsdorffer, Christian and Gopakumar, Achamveedu},
	Date-Added = {2011-06-29 15:22:38 -0400},
	Date-Modified = {2011-06-29 15:22:39 -0400},
	Doi = {10.1103/PhysRevD.73.124012},
	Eprint = {gr-qc/0603056},
	Journal = {Phys. Rev. D},
	Pages = {124012},
	Slaccitation = {%%CITATION = GR-QC/0603056;%%},
	Title = {{Phasing of gravitational waves from inspiralling eccentric binaries at the third-and-a-half post-Newtonian order}},
	Volume = {73},
	Year = {2006},
	Bdsk-Url-1 = {http://dx.doi.org/10.1103/PhysRevD.73.124012}}

@article{Thornburg:2006zb,
	Archiveprefix = {arXiv},
	Author = {Thornburg, Jonathan},
	Date-Added = {2011-06-29 15:22:38 -0400},
	Date-Modified = {2011-06-29 15:22:39 -0400},
	Eprint = {gr-qc/0512169},
	Journal = {Living Rev. Rel.},
	Pages = {3},
	Slaccitation = {%%CITATION = GR-QC/0512169;%%},
	Title = {{Event and Apparent Horizon Finders for $3+1$ Numerical Relativity}},
	Volume = {10},
	Year = {2007}}

@article{Thornburg:2003sf,
	Archiveprefix = {arXiv},
	Author = {Thornburg, Jonathan},
	Date-Added = {2011-06-29 15:22:38 -0400},
	Date-Modified = {2011-06-29 15:22:39 -0400},
	Doi = {10.1088/0264-9381/21/2/026},
	Eprint = {gr-qc/0306056},
	Journal = {Class. Quant. Grav.},
	Pages = {743-766},
	Slaccitation = {%%CITATION = GR-QC/0306056;%%},
	Title = {{A Fast Apparent-Horizon Finder for 3-Dimensional Cartesian Grids in Numerical Relativity}},
	Volume = {21},
	Year = {2004},
	Bdsk-Url-1 = {http://dx.doi.org/10.1088/0264-9381/21/2/026}}

@article{Thornburg:1995cp,
	Archiveprefix = {arXiv},
	Author = {Thornburg, Jonathan},
	Date-Added = {2011-06-29 15:22:38 -0400},
	Date-Modified = {2011-06-29 15:22:39 -0400},
	Doi = {10.1103/PhysRevD.54.4899},
	Eprint = {gr-qc/9508014},
	Journal = {Phys. Rev. D},
	Pages = {4899-4918},
	Slaccitation = {%%CITATION = GR-QC/9508014;%%},
	Title = {{Finding apparent horizons in numerical relativity}},
	Volume = {54},
	Year = {1996},
	Bdsk-Url-1 = {http://dx.doi.org/10.1103/PhysRevD.54.4899}}

@article{Ansorg:2004ds,
	Archiveprefix = {arXiv},
	Author = {Ansorg, Marcus and Bruegmann, Bernd and Tichy, Wolfgang},
	Date-Added = {2011-06-29 15:22:38 -0400},
	Date-Modified = {2011-06-29 15:22:39 -0400},
	Doi = {10.1103/PhysRevD.70.064011},
	Eprint = {gr-qc/0404056},
	Journal = {Phys. Rev. D},
	Pages = {064011},
	Slaccitation = {%%CITATION = GR-QC/0404056;%%},
	Title = {{A single-domain spectral method for black hole puncture data}},
	Volume = {70},
	Year = {2004},
	Bdsk-Url-1 = {http://dx.doi.org/10.1103/PhysRevD.70.064011}}

@article{Baker:2005vv,
	Archiveprefix = {arXiv},
	Author = {Baker, John G. and Centrella, Joan and Choi, Dae-Il and Koppitz, Michael and van Meter, James},
	Date-Added = {2011-06-29 15:22:38 -0400},
	Date-Modified = {2011-06-29 15:22:39 -0400},
	Doi = {10.1103/PhysRevLett.96.111102},
	Eprint = {gr-qc/0511103},
	Journal = {Phys. Rev. Lett.},
	Pages = {111102},
	Slaccitation = {%%CITATION = GR-QC/0511103;%%},
	Title = {{Gravitational wave extraction from an inspiraling configuration of merging black holes}},
	Volume = {96},
	Year = {2006},
	Bdsk-Url-1 = {http://dx.doi.org/10.1103/PhysRevLett.96.111102}}

@article{Schnetter:2003rb,
	Archiveprefix = {arXiv},
	Author = {Schnetter, Erik and Hawley, Scott H. and Hawke, Ian},
	Date-Added = {2011-06-29 15:22:38 -0400},
	Date-Modified = {2011-06-29 15:22:39 -0400},
	Doi = {10.1088/0264-9381/21/6/014},
	Eprint = {gr-qc/0310042},
	Journal = {Class. Quant. Grav.},
	Pages = {1465-1488},
	Slaccitation = {%%CITATION = GR-QC/0310042;%%},
	Title = {{Evolutions in 3D numerical relativity using fixed mesh refinement}},
	Volume = {21},
	Year = {2004},
	Bdsk-Url-1 = {http://dx.doi.org/10.1088/0264-9381/21/6/014}}

@article{Berti:2007nw,
	Archiveprefix = {arXiv},
	Author = {Berti, E. and Cardoso, V. and Gonzalez, J. A. and Sperhake, U. and Bruegmann, Bernd},
	Date-Added = {2011-06-29 15:22:38 -0400},
	Date-Modified = {2011-06-29 15:22:39 -0400},
	Doi = {10.1088/0264-9381/25/11/114035},
	Eprint = {0711.1097},
	Journal = {Class. Quant. Grav.},
	Pages = {114035},
	Primaryclass = {gr-qc},
	Slaccitation = {%%CITATION = 0711.1097;%%},
	Title = {{Multipolar analysis of spinning binaries}},
	Volume = {25},
	Year = {2008},
	Bdsk-Url-1 = {http://dx.doi.org/10.1088/0264-9381/25/11/114035}}

@article{Sperhake:2006cy,
	Archiveprefix = {arXiv},
	Author = {Sperhake, Ulrich},
	Date-Added = {2011-06-29 15:22:38 -0400},
	Date-Modified = {2011-06-29 15:22:39 -0400},
	Doi = {10.1103/PhysRevD.76.104015},
	Eprint = {gr-qc/0606079},
	Journal = {Phys. Rev. D},
	Pages = {104015},
	Slaccitation = {%%CITATION = GR-QC/0606079;%%},
	Title = {{Binary black-hole evolutions of excision and puncture data}},
	Volume = {76},
	Year = {2007},
	Bdsk-Url-1 = {http://dx.doi.org/10.1103/PhysRevD.76.104015}}

@article{Christodoulou:1970wf,
	Author = {Christodoulou, D.},
	Date-Added = {2011-06-29 15:22:38 -0400},
	Date-Modified = {2011-06-29 15:22:39 -0400},
	Doi = {10.1103/PhysRevLett.25.1596},
	Journal = {Phys. Rev. Lett.},
	Pages = {1596-1597},
	Slaccitation = {%%CITATION = PRLTA,25,1596;%%},
	Title = {{Reversible and irreversible transforations in black hole physics}},
	Volume = {25},
	Year = {1970},
	Bdsk-Url-1 = {http://dx.doi.org/10.1103/PhysRevLett.25.1596}}

@article{Hubner:1999th,
	Archiveprefix = {arXiv},
	Author = {Hubner, Peter},
	Date-Added = {2011-06-29 15:22:38 -0400},
	Date-Modified = {2011-06-29 15:22:39 -0400},
	Doi = {10.1088/0264-9381/16/9/302},
	Eprint = {gr-qc/9903088},
	Journal = {Class. Quant. Grav.},
	Pages = {2823-2843},
	Slaccitation = {%%CITATION = GR-QC/9903088;%%},
	Title = {{A scheme to numerically evolve data for the conformal Einstein equation}},
	Volume = {16},
	Year = {1999},
	Bdsk-Url-1 = {http://dx.doi.org/10.1088/0264-9381/16/9/302}}

@article{Sarbach:2001qq,
	Archiveprefix = {arXiv},
	Author = {Sarbach, Olivier and Tiglio, Manuel},
	Date-Added = {2011-06-29 15:22:38 -0400},
	Date-Modified = {2011-06-29 15:22:39 -0400},
	Doi = {10.1103/PhysRevD.64.084016},
	Eprint = {gr-qc/0104061},
	Journal = {Phys. Rev. D},
	Pages = {084016},
	Slaccitation = {%%CITATION = GR-QC/0104061;%%},
	Title = {{Gauge invariant perturbations of Schwarzschild black holes in horizon-penetrating coordinates}},
	Volume = {64},
	Year = {2001},
	Bdsk-Url-1 = {http://dx.doi.org/10.1103/PhysRevD.64.084016}}

@article{Pretorius:2004jg,
	Archiveprefix = {arXiv},
	Author = {Pretorius, Frans},
	Date-Added = {2011-06-29 15:22:38 -0400},
	Date-Modified = {2011-06-29 15:22:39 -0400},
	Doi = {10.1088/0264-9381/22/2/014},
	Eprint = {gr-qc/0407110},
	Journal = {Class. Quant. Grav.},
	Pages = {425-452},
	Slaccitation = {%%CITATION = GR-QC/0407110;%%},
	Title = {{Numerical Relativity Using a Generalized Harmonic Decomposition}},
	Volume = {22},
	Year = {2005},
	Bdsk-Url-1 = {http://dx.doi.org/10.1088/0264-9381/22/2/014}}

@article{Pretorius:2005gq,
	Archiveprefix = {arXiv},
	Author = {Pretorius, Frans},
	Date-Added = {2011-06-29 15:22:38 -0400},
	Date-Modified = {2011-06-29 15:22:39 -0400},
	Doi = {10.1103/PhysRevLett.95.121101},
	Eprint = {gr-qc/0507014},
	Journal = {Phys. Rev. Lett.},
	Pages = {121101},
	Slaccitation = {%%CITATION = GR-QC/0507014;%%},
	Title = {{Evolution of binary black hole spacetimes}},
	Volume = {95},
	Year = {2005},
	Bdsk-Url-1 = {http://dx.doi.org/10.1103/PhysRevLett.95.121101}}

@article{Pretorius:2006tp,
	Author = {Pretorius, Frans},
	Date-Added = {2011-06-29 15:22:38 -0400},
	Date-Modified = {2011-06-29 15:22:39 -0400},
	Eprint = {gr-qc/0602115},
	Journal = {Class. Quantum Grav.},
	Pages = {S529-S552},
	Slaccitation = {%%CITATION = GR-QC 0602115;%%},
	Title = {Simulation of binary black hole spacetimes with a harmonic evolution scheme},
	Volume = {23},
	Year = {2006}}

@article{Pretorius:2007nq,
	Archiveprefix = {arXiv},
	Author = {Pretorius, Frans},
	Date-Added = {2011-06-29 15:22:38 -0400},
	Date-Modified = {2011-06-29 15:22:39 -0400},
	Eprint = {0710.1338},
	Primaryclass = {gr-qc},
	Slaccitation = {%%CITATION = 0710.1338;%%},
	Title = {{Binary Black Hole Coalescence}},
	Year = {2007}}

@article{Rinne:2007ui,
	Archiveprefix = {arXiv},
	Author = {Rinne, Oliver and Lindblom, Lee and Scheel, Mark A.},
	Date-Added = {2011-06-29 15:22:38 -0400},
	Date-Modified = {2011-06-29 15:22:39 -0400},
	Doi = {10.1088/0264-9381/24/16/006},
	Eprint = {0704.0782},
	Journal = {Class. Quant. Grav.},
	Pages = {4053-4078},
	Primaryclass = {gr-qc},
	Slaccitation = {%%CITATION = 0704.0782;%%},
	Title = {{Testing outer boundary treatments for the Einstein equations}},
	Volume = {24},
	Year = {2007},
	Bdsk-Url-1 = {http://dx.doi.org/10.1088/0264-9381/24/16/006}}

@article{Lindblom:2005qh,
	Archiveprefix = {arXiv},
	Author = {Lindblom, Lee and Scheel, Mark A. and Kidder, Lawrence E. and Owen, Robert and Rinne, Oliver},
	Date-Added = {2011-06-29 15:22:38 -0400},
	Date-Modified = {2011-06-29 15:22:39 -0400},
	Eprint = {gr-qc/0512093},
	Journal = {Class. Quant. Grav.},
	Pages = {S447-S462},
	Slaccitation = {%%CITATION = GR-QC/0512093;%%},
	Title = {{A New Generalized Harmonic Evolution System}},
	Volume = {23},
	Year = {2006}}

@article{Scheel:2006gg,
	Archiveprefix = {arXiv},
	Author = {Scheel, Mark A. and others},
	Date-Added = {2011-06-29 15:22:38 -0400},
	Date-Modified = {2011-06-29 15:22:39 -0400},
	Doi = {10.1103/PhysRevD.74.104006},
	Eprint = {gr-qc/0607056},
	Journal = {Phys. Rev. D},
	Pages = {104006},
	Slaccitation = {%%CITATION = GR-QC/0607056;%%},
	Title = {{Solving Einstein's equations with dual coordinate frames}},
	Volume = {74},
	Year = {2006},
	Bdsk-Url-1 = {http://dx.doi.org/10.1103/PhysRevD.74.104006}}

@article{Boyle:2007ft,
	Archiveprefix = {arXiv},
	Author = {Boyle, Michael and others},
	Date-Added = {2011-06-29 15:22:38 -0400},
	Date-Modified = {2011-06-29 15:22:39 -0400},
	Doi = {10.1103/PhysRevD.76.124038},
	Eprint = {0710.0158},
	Journal = {Phys. Rev. D},
	Pages = {124038},
	Primaryclass = {gr-qc},
	Slaccitation = {%%CITATION = 0710.0158;%%},
	Title = {{High-accuracy comparison of numerical relativity simulations with post-Newtonian expansions}},
	Volume = {76},
	Year = {2007},
	Bdsk-Url-1 = {http://dx.doi.org/10.1103/PhysRevD.76.124038}}

@article{Kidder:1995zr,
	Archiveprefix = {arXiv},
	Author = {Kidder, Lawrence E.},
	Date-Added = {2011-06-29 15:22:38 -0400},
	Date-Modified = {2011-06-29 15:22:39 -0400},
	Doi = {10.1103/PhysRevD.52.821},
	Eprint = {gr-qc/9506022},
	Journal = {Phys. Rev. D},
	Pages = {821-847},
	Slaccitation = {%%CITATION = GR-QC/9506022;%%},
	Title = {{Coalescing binary systems of compact objects to postNewtonian 5/2 order. 5. Spin effects}},
	Volume = {52},
	Year = {1995},
	Bdsk-Url-1 = {http://dx.doi.org/10.1103/PhysRevD.52.821}}

@article{Baumgarte:1998te,
	Archiveprefix = {arXiv},
	Author = {Baumgarte, Thomas W. and Shapiro, Stuart L.},
	Date-Added = {2011-06-29 15:22:38 -0400},
	Date-Modified = {2011-06-29 15:22:39 -0400},
	Doi = {10.1103/PhysRevD.59.024007},
	Eprint = {gr-qc/9810065},
	Journal = {Phys. Rev. D},
	Pages = {024007},
	Slaccitation = {%%CITATION = GR-QC/9810065;%%},
	Title = {{On the numerical integration of Einstein's field equations}},
	Volume = {59},
	Year = {1999},
	Bdsk-Url-1 = {http://dx.doi.org/10.1103/PhysRevD.59.024007}}

@article{Baumgarte:2006en,
	Archiveprefix = {arXiv},
	Author = {Baumgarte, Thomas and others},
	Date-Added = {2011-06-29 15:22:38 -0400},
	Date-Modified = {2011-06-29 15:22:39 -0400},
	Doi = {10.1103/PhysRevD.77.084009},
	Eprint = {gr-qc/0612100},
	Journal = {Phys. Rev.},
	Pages = {084009},
	Slaccitation = {%%CITATION = GR-QC/0612100;%%},
	Title = {{Learning about compact binary merger: The interplay between numerical relativity and gravitational-wave astronomy}},
	Volume = {D77},
	Year = {2008},
	Bdsk-Url-1 = {http://dx.doi.org/10.1103/PhysRevD.77.084009}}

@article{Shibata:1995we,
	Author = {Shibata, M. and Nakamura, T.},
	Date-Added = {2011-06-29 15:22:38 -0400},
	Date-Modified = {2011-06-29 15:22:39 -0400},
	Doi = {10.1103/PhysRevD.52.5428},
	Journal = {Phys. Rev. D},
	Pages = {5428-5444},
	Slaccitation = {%%CITATION = PHRVA,D52,5428;%%},
	Title = {{Evolution of three-dimensional gravitational waves: Harmonic slicing case}},
	Volume = {52},
	Year = {1995},
	Bdsk-Url-1 = {http://dx.doi.org/10.1103/PhysRevD.52.5428}}

@article{Campanelli:2005dd,
	Archiveprefix = {arXiv},
	Author = {Campanelli, Manuela and Lousto, C. O. and Marronetti, P. and Zlochower, Y.},
	Date-Added = {2011-06-29 15:22:38 -0400},
	Date-Modified = {2011-06-29 15:22:39 -0400},
	Doi = {10.1103/PhysRevLett.96.111101},
	Eprint = {gr-qc/0511048},
	Journal = {Phys. Rev. Lett.},
	Pages = {111101},
	Slaccitation = {%%CITATION = GR-QC/0511048;%%},
	Title = {{Accurate evolutions of orbiting black-hole binaries without excision}},
	Volume = {96},
	Year = {2006},
	Bdsk-Url-1 = {http://dx.doi.org/10.1103/PhysRevLett.96.111101}}

@article{Brandt:1997tf,
	Archiveprefix = {arXiv},
	Author = {Brandt, Steven and Bruegmann, Bernd},
	Date-Added = {2011-06-29 15:22:38 -0400},
	Date-Modified = {2011-06-29 15:22:39 -0400},
	Doi = {10.1103/PhysRevLett.78.3606},
	Eprint = {gr-qc/9703066},
	Journal = {Phys. Rev. Lett.},
	Pages = {3606-3609},
	Slaccitation = {%%CITATION = GR-QC/9703066;%%},
	Title = {{Black hole punctures as initial data for general relativity}},
	Volume = {78},
	Year = {1997},
	Bdsk-Url-1 = {http://dx.doi.org/10.1103/PhysRevLett.78.3606}}

@article{Abbott:2007ai,
	Archiveprefix = {arXiv},
	Author = {Abbott, B. and others},
	Collaboration = {LIGO Scientific},
	Date-Added = {2011-06-29 15:22:38 -0400},
	Date-Modified = {2011-06-29 15:22:39 -0400},
	Doi = {10.1103/PhysRevD.78.042002},
	Eprint = {0712.2050},
	Journal = {Phys. Rev. D},
	Pages = {042002},
	Primaryclass = {gr-qc},
	Slaccitation = {%%CITATION = 0712.2050;%%},
	Title = {{Search of S3 LIGO data for gravitational wave signals from spinning black hole and neutron star binary inspirals}},
	Volume = 78,
	Year = {2008},
	Bdsk-Url-1 = {http://dx.doi.org/10.1103/PhysRevD.78.042002}}

@article{Abbott:2005pe,
	Archiveprefix = {arXiv},
	Author = {Abbott, B. and others},
	Collaboration = {LIGO Scientific},
	Date-Added = {2011-06-29 15:22:38 -0400},
	Date-Modified = {2011-06-29 15:22:39 -0400},
	Doi = {10.1103/PhysRevD.72.082001},
	Eprint = {gr-qc/0505041},
	Journal = {Phys. Rev. D},
	Pages = {082001},
	Slaccitation = {%%CITATION = GR-QC/0505041;%%},
	Title = {{Search for gravitational waves from galactic and extra- galactic binary neutron stars}},
	Volume = 72,
	Year = {2005},
	Bdsk-Url-1 = {http://dx.doi.org/10.1103/PhysRevD.72.082001}}

@article{Abbott:2005pf,
	Archiveprefix = {arXiv},
	Author = {Abbott, B. and others},
	Collaboration = {LIGO Scientific},
	Date-Added = {2011-06-29 15:22:38 -0400},
	Date-Modified = {2011-06-29 15:22:39 -0400},
	Doi = {10.1103/PhysRevD.72.082002},
	Eprint = {gr-qc/0505042},
	Journal = {Phys. Rev. D},
	Pages = {082002},
	Slaccitation = {%%CITATION = GR-QC/0505042;%%},
	Title = {{Search for gravitational waves from primordial black hole binary coalescences in the galactic halo}},
	Volume = 72,
	Year = {2005},
	Bdsk-Url-1 = {http://dx.doi.org/10.1103/PhysRevD.72.082002}}

@article{Abbott:2003pj,
	Archiveprefix = {arXiv},
	Author = {Abbott, B. and others},
	Collaboration = {LIGO Scientific},
	Date-Added = {2011-06-29 15:22:38 -0400},
	Date-Modified = {2011-06-29 15:22:39 -0400},
	Doi = {10.1103/PhysRevD.69.122001},
	Eprint = {gr-qc/0308069},
	Journal = {Phys. Rev. D},
	Pages = {122001},
	Slaccitation = {%%CITATION = GR-QC/0308069;%%},
	Title = {{Analysis of LIGO data for gravitational waves from binary neutron stars}},
	Volume = {69},
	Year = {2004},
	Bdsk-Url-1 = {http://dx.doi.org/10.1103/PhysRevD.69.122001}}

@article{Abbott:2004rt,
	Archiveprefix = {arXiv},
	Author = {Abbott, B. and others},
	Collaboration = {LIGO},
	Date-Added = {2011-06-29 15:22:38 -0400},
	Date-Modified = {2011-06-29 15:22:39 -0400},
	Doi = {10.1103/PhysRevD.69.102001},
	Eprint = {gr-qc/0312056},
	Journal = {Phys. Rev. D},
	Pages = {102001},
	Slaccitation = {%%CITATION = GR-QC/0312056;%%},
	Title = {{First upper limits from ligo on gravitational wave bursts}},
	Volume = 69,
	Year = {2004},
	Bdsk-Url-1 = {http://dx.doi.org/10.1103/PhysRevD.69.102001}}

@article{Abbott:2005fb,
	Archiveprefix = {arXiv},
	Author = {Abbott, B. and others},
	Collaboration = {LIGO Scientific},
	Date-Added = {2011-06-29 15:22:38 -0400},
	Date-Modified = {2011-06-29 15:22:39 -0400},
	Doi = {10.1103/PhysRevD.72.062001},
	Eprint = {gr-qc/0505029},
	Journal = {Phys. Rev. D},
	Pages = {062001},
	Slaccitation = {%%CITATION = GR-QC/0505029;%%},
	Title = {{Upper limits on gravitational wave bursts in LIGO's second science run}},
	Volume = 72,
	Year = {2005},
	Bdsk-Url-1 = {http://dx.doi.org/10.1103/PhysRevD.72.062001}}

@article{Abbott:2005at,
	Archiveprefix = {arXiv},
	Author = {Abbott, B. and others},
	Collaboration = {LIGO Scientific},
	Date-Added = {2011-06-29 15:22:38 -0400},
	Date-Modified = {2011-06-29 15:22:39 -0400},
	Eprint = {gr-qc/0511146},
	Journal = {Class. Quant. Grav.},
	Pages = {S29-S39},
	Slaccitation = {%%CITATION = GR-QC/0511146;%%},
	Title = {{Search for gravitational wave bursts in LIGO's third science run}},
	Volume = {23},
	Year = {2006}}

@article{Abbott:2005rt,
	Archiveprefix = {arXiv},
	Author = {Abbott, B. and others},
	Collaboration = {TAMA},
	Date-Added = {2011-06-29 15:22:38 -0400},
	Date-Modified = {2011-06-29 15:22:39 -0400},
	Doi = {10.1103/PhysRevD.72.122004},
	Eprint = {gr-qc/0507081},
	Journal = {Phys. Rev. D},
	Pages = {122004},
	Slaccitation = {%%CITATION = GR-QC/0507081;%%},
	Title = {{Upper limits from the LIGO and TAMA detectors on the rate of gravitational-wave bursts}},
	Volume = 72,
	Year = {2005},
	Bdsk-Url-1 = {http://dx.doi.org/10.1103/PhysRevD.72.122004}}

@article{Abbott:2007wu,
	Archiveprefix = {arXiv},
	Author = {Abbott, B. and others},
	Collaboration = {LIGO Scientific},
	Date-Added = {2011-06-29 15:22:38 -0400},
	Date-Modified = {2011-06-29 15:22:39 -0400},
	Doi = {10.1088/0264-9381/24/22/002},
	Eprint = {0704.0943},
	Journal = {Class. Quant. Grav.},
	Pages = {5343-5370},
	Primaryclass = {gr-qc},
	Slaccitation = {%%CITATION = 0704.0943;%%},
	Title = {{Search for gravitational-wave bursts in LIGO data from the fourth science run}},
	Volume = {24},
	Year = {2007},
	Bdsk-Url-1 = {http://dx.doi.org/10.1088/0264-9381/24/22/002}}

@unpublished{Brown:2007jx,
	Archiveprefix = {arXiv},
	Author = {Brown, D. A. and others},
	Date-Added = {2011-06-29 15:22:38 -0400},
	Date-Modified = {2011-06-29 15:22:39 -0400},
	Eprint = {0709.0093},
	Primaryclass = {gr-qc},
	Slaccitation = {%%CITATION = 0709.0093;%%},
	Title = {{Data formats for numerical relativity waves}},
	Year = {2007}}

@article{Brown:2004ma,
	Archiveprefix = {arXiv},
	Author = {Brown, J. David and Lowe, Lisa L.},
	Date-Added = {2011-06-29 15:22:38 -0400},
	Date-Modified = {2011-06-29 15:22:39 -0400},
	Doi = {10.1016/j.jcp.2005.03.026},
	Eprint = {gr-qc/0411112},
	Journal = {J. Comput. Phys.},
	Pages = {582-598},
	Slaccitation = {%%CITATION = GR-QC/0411112;%%},
	Title = {{Multigrid elliptic equation solver with adaptive mesh refinement}},
	Volume = {209},
	Year = {2005},
	Bdsk-Url-1 = {http://dx.doi.org/10.1016/j.jcp.2005.03.026}}

@article{Brown:2007tb,
	Archiveprefix = {arXiv},
	Author = {Brown, J. David},
	Date-Added = {2011-06-29 15:22:38 -0400},
	Date-Modified = {2011-06-29 15:22:39 -0400},
	Doi = {10.1103/PhysRevD.77.044018},
	Eprint = {0705.1359},
	Journal = {Phys. Rev.},
	Pages = {044018},
	Primaryclass = {gr-qc},
	Slaccitation = {%%CITATION = 0705.1359;%%},
	Title = {{Puncture Evolution of Schwarzschild Black Holes}},
	Volume = {D77},
	Year = {2008},
	Bdsk-Url-1 = {http://dx.doi.org/10.1103/PhysRevD.77.044018}}

@article{Buonanno:2006ui,
	Archiveprefix = {arXiv},
	Author = {Buonanno, Alessandra and Cook, Gregory B. and Pretorius, Frans},
	Date-Added = {2011-06-29 15:22:38 -0400},
	Date-Modified = {2011-06-29 15:22:39 -0400},
	Doi = {10.1103/PhysRevD.75.124018},
	Eprint = {gr-qc/0610122},
	Journal = {Phys. Rev. D},
	Pages = {124018},
	Slaccitation = {%%CITATION = GR-QC/0610122;%%},
	Title = {{Inspiral, merger and ring-down of equal-mass black-hole binaries}},
	Volume = {75},
	Year = {2007},
	Bdsk-Url-1 = {http://dx.doi.org/10.1103/PhysRevD.75.124018}}

@article{Pretorius:2007jn,
	Archiveprefix = {arXiv},
	Author = {Pretorius, Frans and Khurana, Deepak},
	Date-Added = {2011-06-29 15:22:38 -0400},
	Date-Modified = {2011-06-29 15:22:39 -0400},
	Doi = {10.1088/0264-9381/24/12/S07},
	Eprint = {gr-qc/0702084},
	Journal = {Class. Quant. Grav.},
	Pages = {S83-S108},
	Slaccitation = {%%CITATION = GR-QC/0702084;%%},
	Title = {{Black hole mergers and unstable circular orbits}},
	Volume = {24},
	Year = {2007},
	Bdsk-Url-1 = {http://dx.doi.org/10.1088/0264-9381/24/12/S07}}

@article{Pollney:2007ss,
	Archiveprefix = {arXiv},
	Author = {Pollney, Denis and others},
	Date-Added = {2011-06-29 15:22:38 -0400},
	Date-Modified = {2011-06-29 15:22:39 -0400},
	Doi = {10.1103/PhysRevD.76.124002},
	Eprint = {0707.2559},
	Journal = {Phys. Rev. D},
	Pages = {124002},
	Primaryclass = {gr-qc},
	Slaccitation = {%%CITATION = 0707.2559;%%},
	Title = {{Recoil velocities from equal-mass binary black-hole mergers: a systematic investigation of spin-orbit aligned configurations}},
	Volume = {76},
	Year = {2007},
	Bdsk-Url-1 = {http://dx.doi.org/10.1103/PhysRevD.76.124002}}

@article{Brugmann:2007zj,
	Archiveprefix = {arXiv},
	Author = {Bruegmann, Bernd and Gonzalez, Jose A. and Hannam, Mark and Husa, Sascha and Sperhake, Ulrich},
	Date-Added = {2011-06-29 15:22:38 -0400},
	Date-Modified = {2011-06-29 15:22:39 -0400},
	Doi = {10.1103/PhysRevD.77.124047},
	Eprint = {0707.0135},
	Journal = {Phys. Rev. D},
	Pages = {124047},
	Primaryclass = {gr-qc},
	Slaccitation = {%%CITATION = 0707.0135;%%},
	Title = {{Exploring black hole superkicks}},
	Volume = {77},
	Year = {2008},
	Bdsk-Url-1 = {http://dx.doi.org/10.1103/PhysRevD.77.124047}}

@article{Hannam:2007ik,
	Archiveprefix = {arXiv},
	Author = {Hannam, Mark and Husa, Sascha and Sperhake, Ulrich and Bruegmann, Bernd and Gonzalez, Jose A.},
	Date-Added = {2011-06-29 15:22:38 -0400},
	Date-Modified = {2011-06-29 15:22:39 -0400},
	Doi = {10.1103/PhysRevD.77.044020},
	Eprint = {0706.1305},
	Journal = {Phys. Rev. D},
	Pages = {044020},
	Primaryclass = {gr-qc},
	Slaccitation = {%%CITATION = 0706.1305;%%},
	Title = {{Where post-Newtonian and numerical-relativity waveforms meet}},
	Volume = {77},
	Year = {2008},
	Bdsk-Url-1 = {http://dx.doi.org/10.1103/PhysRevD.77.044020}}

@article{Hannam:2007wf,
	Archiveprefix = {arXiv},
	Author = {Hannam, Mark and Husa, Sascha and Bruegmann, Bernd and Gopakumar, Achamveedu},
	Date-Added = {2011-06-29 15:22:38 -0400},
	Date-Modified = {2011-06-29 15:22:39 -0400},
	Eprint = {0712.3787},
	Journal = {Phys. Rev. D},
	Pages = {104007},
	Primaryclass = {gr-qc},
	Slaccitation = {%%CITATION = 0712.3787;%%},
	Title = {{Comparison between numerical-relativity and post-Newtonian waveforms from spinning binaries: the orbital hang-up case}},
	Volume = {78},
	Year = {2008}}

@article{Damour:2008te,
	Archiveprefix = {arXiv},
	Author = {Damour, Thibault and Nagar, Alessandro and Hannam, Mark and Husa, Sascha and Bruegmann, Bernd},
	Date-Added = {2011-06-29 15:22:38 -0400},
	Date-Modified = {2011-06-29 15:22:39 -0400},
	Doi = {10.1103/PhysRevD.78.044039},
	Eprint = {0803.3162},
	Journal = {Phys. Rev. D},
	Pages = {044039},
	Primaryclass = {gr-qc},
	Slaccitation = {%%CITATION = 0803.3162;%%},
	Title = {{Accurate Effective-One-Body waveforms of inspiralling and coalescing black-hole binaries}},
	Volume = {78},
	Year = {2008},
	Bdsk-Url-1 = {http://dx.doi.org/10.1103/PhysRevD.78.044039}}

@article{Caudill:2006hw,
	Archiveprefix = {arXiv},
	Author = {Caudill, Matthew and Cook, Gregory B. and Grigsby, Jason D. and Pfeiffer, Harald P.},
	Date-Added = {2011-06-29 15:22:38 -0400},
	Date-Modified = {2011-06-29 15:22:39 -0400},
	Doi = {10.1103/PhysRevD.74.064011},
	Eprint = {gr-qc/0605053},
	Journal = {Phys. Rev. D},
	Pages = {064011},
	Slaccitation = {%%CITATION = GR-QC/0605053;%%},
	Title = {{Circular orbits and spin in black-hole initial data}},
	Volume = {74},
	Year = {2006},
	Bdsk-Url-1 = {http://dx.doi.org/10.1103/PhysRevD.74.064011}}

@article{Pfeiffer:2007yz,
	Archiveprefix = {arXiv},
	Author = {Pfeiffer, Harald P. and others},
	Date-Added = {2011-06-29 15:22:38 -0400},
	Date-Modified = {2011-06-29 15:22:39 -0400},
	Doi = {10.1088/0264-9381/24/12/S06},
	Eprint = {gr-qc/0702106},
	Journal = {Class. Quant. Grav.},
	Pages = {S59-S82},
	Slaccitation = {%%CITATION = GR-QC/0702106;%%},
	Title = {{Reducing orbital eccentricity in binary black hole simulations}},
	Volume = {24},
	Year = {2007},
	Bdsk-Url-1 = {http://dx.doi.org/10.1088/0264-9381/24/12/S06}}

@article{Imbiriba:2004tp,
	Archiveprefix = {arXiv},
	Author = {Imbiriba, Breno and others},
	Date-Added = {2011-06-29 15:22:38 -0400},
	Date-Modified = {2011-06-29 15:22:39 -0400},
	Doi = {10.1103/PhysRevD.70.124025},
	Eprint = {gr-qc/0403048},
	Journal = {Phys. Rev. D},
	Pages = {124025},
	Slaccitation = {%%CITATION = GR-QC/0403048;%%},
	Title = {{Evolving a puncture black hole with fixed mesh refinement}},
	Volume = {70},
	Year = {2004},
	Bdsk-Url-1 = {http://dx.doi.org/10.1103/PhysRevD.70.124025}}

@article{Bowen:1980yu,
	Author = {Bowen, Jeffrey M. and York, James W. , Jr.},
	Date-Added = {2011-06-29 15:22:38 -0400},
	Date-Modified = {2011-06-29 15:22:39 -0400},
	Doi = {10.1103/PhysRevD.21.2047},
	Journal = {Phys. Rev. D},
	Pages = {2047-2056},
	Slaccitation = {%%CITATION = PHRVA,D21,2047;%%},
	Title = {{Time asymmetric initial data for black holes and black hole collisions}},
	Volume = {21},
	Year = {1980},
	Bdsk-Url-1 = {http://dx.doi.org/10.1103/PhysRevD.21.2047}}

@article{Duez:2004uh,
	Archiveprefix = {arXiv},
	Author = {Duez, Matthew D. and Shapiro, Stuart L. and Yo, Hwei-Jang},
	Date-Added = {2011-06-29 15:22:38 -0400},
	Date-Modified = {2011-06-29 15:22:39 -0400},
	Doi = {10.1103/PhysRevD.69.104016},
	Eprint = {gr-qc/0401076},
	Journal = {Phys. Rev. D},
	Pages = {104016},
	Slaccitation = {%%CITATION = GR-QC/0401076;%%},
	Title = {{Relativistic Hydrodynamic Evolutions with Black Hole Excision}},
	Volume = {69},
	Year = {2004},
	Bdsk-Url-1 = {http://dx.doi.org/10.1103/PhysRevD.69.104016}}

@article{vanMeter:2006vi,
	Archiveprefix = {arXiv},
	Author = {van Meter, James R. and Baker, John G. and Koppitz, Michael and Choi, Dae-Il},
	Date-Added = {2011-06-29 15:22:38 -0400},
	Date-Modified = {2011-06-29 15:22:39 -0400},
	Doi = {10.1103/PhysRevD.73.124011},
	Eprint = {gr-qc/0605030},
	Journal = {Phys. Rev. D},
	Pages = {124011},
	Slaccitation = {%%CITATION = GR-QC/0605030;%%},
	Title = {{How to move a black hole without excision: gauge conditions for the numerical evolution of a moving puncture}},
	Volume = {73},
	Year = {2006},
	Bdsk-Url-1 = {http://dx.doi.org/10.1103/PhysRevD.73.124011}}

@article{Beetle:2004wu,
	Archiveprefix = {arXiv},
	Author = {Beetle, Christopher and Bruni, Marco and Burko, Lior M. and Nerozzi, Andrea},
	Date-Added = {2011-06-29 15:22:38 -0400},
	Date-Modified = {2011-06-29 15:22:39 -0400},
	Doi = {10.1103/PhysRevD.72.024013},
	Eprint = {gr-qc/0407012},
	Journal = {Phys. Rev. D},
	Pages = {024013},
	Slaccitation = {%%CITATION = GR-QC/0407012;%%},
	Title = {{Towards wave extraction in numerical relativity: Foundations and initial-value formulation}},
	Volume = {72},
	Year = {2005},
	Bdsk-Url-1 = {http://dx.doi.org/10.1103/PhysRevD.72.024013}}

@article{Burko:2005fa,
	Archiveprefix = {arXiv},
	Author = {Burko, Lior M. and Baumgarte, Thomas W. and Beetle, Christopher},
	Date-Added = {2011-06-29 15:22:38 -0400},
	Date-Modified = {2011-06-29 15:22:39 -0400},
	Doi = {10.1103/PhysRevD.73.024002},
	Eprint = {gr-qc/0505028},
	Journal = {Phys. Rev. D},
	Pages = {024002},
	Slaccitation = {%%CITATION = GR-QC/0505028;%%},
	Title = {{Towards a novel wave--extraction method for numerical relativity: III. Analytical examples for the Beetle--Burko radiation scalar}},
	Volume = {73},
	Year = {2006},
	Bdsk-Url-1 = {http://dx.doi.org/10.1103/PhysRevD.73.024002}}

@article{Baker:2005xe,
	Archiveprefix = {arXiv},
	Author = {Baker, John G. and van Meter, James R.},
	Date-Added = {2011-06-29 15:22:38 -0400},
	Date-Modified = {2011-06-29 15:22:39 -0400},
	Doi = {10.1103/PhysRevD.72.104010},
	Eprint = {gr-qc/0505100},
	Journal = {Phys. Rev. D},
	Pages = {104010},
	Slaccitation = {%%CITATION = GR-QC/0505100;%%},
	Title = {{Reducing reflections from mesh refinement interfaces in numerical relativity}},
	Volume = {72},
	Year = {2005},
	Bdsk-Url-1 = {http://dx.doi.org/10.1103/PhysRevD.72.104010}}

@article{Baker:2001sf,
	Archiveprefix = {arXiv},
	Author = {Baker, John G. and Campanelli, Manuela and Lousto, Carlos O.},
	Date-Added = {2011-06-29 15:22:38 -0400},
	Date-Modified = {2011-06-29 15:22:39 -0400},
	Doi = {10.1103/PhysRevD.65.044001},
	Eprint = {gr-qc/0104063},
	Journal = {Phys. Rev. D},
	Pages = {044001},
	Slaccitation = {%%CITATION = GR-QC/0104063;%%},
	Title = {{The Lazarus project: A pragmatic approach to binary black hole evolutions}},
	Volume = {65},
	Year = {2002},
	Bdsk-Url-1 = {http://dx.doi.org/10.1103/PhysRevD.65.044001}}

@article{Bruegmann:2003aw,
	Archiveprefix = {arXiv},
	Author = {Bruegmann, Bernd and Tichy, Wolfgang and Jansen, Nina},
	Date-Added = {2011-06-29 15:22:38 -0400},
	Date-Modified = {2011-06-29 15:22:39 -0400},
	Doi = {10.1103/PhysRevLett.92.211101},
	Eprint = {gr-qc/0312112},
	Journal = {Phys. Rev. Lett.},
	Pages = {211101},
	Slaccitation = {%%CITATION = GR-QC/0312112;%%},
	Title = {{Numerical simulation of orbiting black holes}},
	Volume = {92},
	Year = {2004},
	Bdsk-Url-1 = {http://dx.doi.org/10.1103/PhysRevLett.92.211101}}

@article{Brugmann:2008zz,
	Archiveprefix = {arXiv},
	Author = {Bruegmann, Bernd and others},
	Date-Added = {2011-06-29 15:22:38 -0400},
	Date-Modified = {2011-06-29 15:22:39 -0400},
	Doi = {10.1103/PhysRevD.77.024027},
	Eprint = {gr-qc/0610128},
	Journal = {Phys. Rev. D},
	Pages = {024027},
	Slaccitation = {%%CITATION = GR-QC/0610128;%%},
	Title = {{Calibration of Moving Puncture Simulations}},
	Volume = {77},
	Year = {2008},
	Bdsk-Url-1 = {http://dx.doi.org/10.1103/PhysRevD.77.024027}}

@article{Husa:2007hp,
	Archiveprefix = {arXiv},
	Author = {Husa, Sascha and Gonzalez, Jose A. and Hannam, Mark and Bruegmann, Bernd and Sperhake, Ulrich},
	Date-Added = {2011-06-29 15:22:38 -0400},
	Date-Modified = {2011-06-29 15:22:39 -0400},
	Doi = {10.1088/0264-9381/25/10/105006},
	Eprint = {0706.0740},
	Journal = {Class. Quant. Grav.},
	Pages = {105006},
	Primaryclass = {gr-qc},
	Slaccitation = {%%CITATION = 0706.0740;%%},
	Title = {{Reducing phase error in long numerical binary black hole evolutions with sixth order finite differencing}},
	Volume = {25},
	Year = {2008},
	Bdsk-Url-1 = {http://dx.doi.org/10.1088/0264-9381/25/10/105006}}

@article{Husa:2007zz,
	Archiveprefix = {arXiv},
	Author = {Husa, Sascha},
	Date-Added = {2011-06-29 15:22:38 -0400},
	Date-Modified = {2011-06-29 15:22:39 -0400},
	Doi = {10.1140/epjst/e2007-00381-6},
	Eprint = {0812.4395},
	Journal = {Eur. Phys. J. ST},
	Pages = {183-207},
	Primaryclass = {gr-qc},
	Slaccitation = {%%CITATION = 0812.4395;%%},
	Title = {{Numerical modeling of black holes as sources of gravitational waves in a nutshell}},
	Volume = {152},
	Year = {2007},
	Bdsk-Url-1 = {http://dx.doi.org/10.1140/epjst/e2007-00381-6}}

@article{Zlochower:2005bj,
	Archiveprefix = {arXiv},
	Author = {Zlochower, Y. and Baker, J. G. and Campanelli, Manuela and Lousto, C. O.},
	Date-Added = {2011-06-29 15:22:38 -0400},
	Date-Modified = {2011-06-29 15:22:39 -0400},
	Doi = {10.1103/PhysRevD.72.024021},
	Eprint = {gr-qc/0505055},
	Journal = {Phys. Rev. D},
	Pages = {024021},
	Slaccitation = {%%CITATION = GR-QC/0505055;%%},
	Title = {{Accurate black hole evolutions by fourth-order numerical relativity}},
	Volume = {72},
	Year = {2005},
	Bdsk-Url-1 = {http://dx.doi.org/10.1103/PhysRevD.72.024021}}

@article{Hinder:2007qu,
	Archiveprefix = {arXiv},
	Author = {Hinder, Ian and Vaishnav, Birjoo and Herrmann, Frank and Shoemaker, Deirdre and Laguna, Pablo},
	Date-Added = {2011-06-29 15:22:38 -0400},
	Date-Modified = {2011-06-29 15:22:39 -0400},
	Doi = {10.1103/PhysRevD.77.081502},
	Eprint = {0710.5167},
	Journal = {Phys. Rev. D},
	Pages = {081502},
	Primaryclass = {gr-qc},
	Slaccitation = {%%CITATION = 0710.5167;%%},
	Title = {{Universality and Final Spin in Eccentric Binary Black Hole Inspirals}},
	Volume = {77},
	Year = {2008},
	Bdsk-Url-1 = {http://dx.doi.org/10.1103/PhysRevD.77.081502}}

@article{Anninos:1995vf,
	Archiveprefix = {arXiv},
	Author = {Anninos, Peter and Price, Richard H. and Pullin, Jorge and Seidel, Edward and Suen, Wai-Mo},
	Date-Added = {2011-06-29 15:22:38 -0400},
	Date-Modified = {2011-06-29 15:22:39 -0400},
	Doi = {10.1103/PhysRevD.52.4462},
	Eprint = {gr-qc/9505042},
	Journal = {Phys. Rev. D},
	Pages = {4462-4480},
	Slaccitation = {%%CITATION = GR-QC/9505042;%%},
	Title = {{Headon collision of two black holes: Comparison of different approaches}},
	Volume = {52},
	Year = {1995},
	Bdsk-Url-1 = {http://dx.doi.org/10.1103/PhysRevD.52.4462}}

@article{Husa:2007rh,
	Archiveprefix = {arXiv},
	Author = {Husa, Sascha and Hannam, Mark and Gonzalez, Jose A. and Sperhake, Ulrich and Bruegmann, Bernd},
	Date-Added = {2011-06-29 15:22:38 -0400},
	Date-Modified = {2011-06-29 15:22:39 -0400},
	Doi = {10.1103/PhysRevD.77.044037},
	Eprint = {0706.0904},
	Journal = {Phys. Rev. D},
	Pages = {044037},
	Primaryclass = {gr-qc},
	Slaccitation = {%%CITATION = 0706.0904;%%},
	Title = {{Reducing eccentricity in black-hole binary evolutions with initial parameters from post-Newtonian inspiral}},
	Volume = {77},
	Year = {2008},
	Bdsk-Url-1 = {http://dx.doi.org/10.1103/PhysRevD.77.044037}}

@article{Owen:1998dk,
	Archiveprefix = {arXiv},
	Author = {Owen, Benjamin J. and Sathyaprakash, B. S.},
	Date-Added = {2011-06-29 15:22:38 -0400},
	Date-Modified = {2011-06-29 15:22:39 -0400},
	Doi = {10.1103/PhysRevD.60.022002},
	Eprint = {gr-qc/9808076},
	Journal = {Phys. Rev. D},
	Pages = {022002},
	Slaccitation = {%%CITATION = GR-QC/9808076;%%},
	Title = {{Matched filtering of gravitational waves from inspiraling compact binaries: Computational cost and template placement}},
	Volume = {60},
	Year = {1999},
	Bdsk-Url-1 = {http://dx.doi.org/10.1103/PhysRevD.60.022002}}

@unpublished{Robinson:2008un,
	Archiveprefix = {arXiv},
	Author = {Robinson, C. A. K. and Sathyaprakash, B. S. and Sengupta, Anand S.},
	Date-Added = {2011-06-29 15:22:38 -0400},
	Date-Modified = {2011-06-29 15:22:39 -0400},
	Eprint = {0804.4816},
	Primaryclass = {gr-qc},
	Slaccitation = {%%CITATION = 0804.4816;%%},
	Title = {{A geometric algorithm for efficient coincident detection of gravitational waves}},
	Year = {2008}}

@article{Allen:2004gu,
	Archiveprefix = {arXiv},
	Author = {Allen, Bruce},
	Date-Added = {2011-06-29 15:22:38 -0400},
	Date-Modified = {2011-06-29 15:22:39 -0400},
	Doi = {10.1103/PhysRevD.71.062001},
	Eprint = {gr-qc/0405045},
	Journal = {Phys. Rev. D},
	Pages = {062001},
	Slaccitation = {%%CITATION = GR-QC/0405045;%%},
	Title = {{A $\chi^2$ time-frequency discriminator for gravitational wave detection}},
	Volume = {71},
	Year = {2005},
	Bdsk-Url-1 = {http://dx.doi.org/10.1103/PhysRevD.71.062001},
	Bdsk-File-1 = {YnBsaXN0MDDUAQIDBAUIJidUJHRvcFgkb2JqZWN0c1gkdmVyc2lvblkkYXJjaGl2ZXLRBgdUcm9vdIABqAkKFRYXGyIjVSRudWxs0wsMDQ4RFFpOUy5vYmplY3RzV05TLmtleXNWJGNsYXNzog8QgASABqISE4ACgAOAB1lhbGlhc0RhdGFccmVsYXRpdmVQYXRo0hgNGRpXTlMuZGF0YU8RAcAAAAAAAcAAAgAADE1hY2ludG9zaCBIRAAAAAAAAAAAAAAAAAAAAMbdozVIKwAAAIVNTQtyLW1vZGVzLmJpYgAAAAAAAAAAAAAAAAAAAAAAAAAAAAAAAAAAAAAAAAAAAAAAAAAAAAAAAAAAAAAAAAAAAAAAhVO2yLo8hwAAAAAAAAAAAAEABQAACSAAAAAAAAAAAAAAAAAAAAAKUmVmZXJlbmNlcwAQAAgAAMbd23UAAAARAAgAAMi6dMcAAAABABgAhU1NAIVMPwCFTD4AhUwxAAcjOgAAkZ8AAgBRTWFjaW50b3NoIEhEOlVzZXJzOmxwcGVrb3dzOnBhcGVyczpwYXBlcnM6RGF0YUFuYWx5c2lzMjAwODpSZWZlcmVuY2VzOnItbW9kZXMuYmliAAAOABgACwByAC0AbQBvAGQAZQBzAC4AYgBpAGIADwAaAAwATQBhAGMAaQBuAHQAbwBzAGgAIABIAEQAEgBEVXNlcnMvbHBwZWtvd3MvcGFwZXJzL3BhcGVycy9EYXRhQW5hbHlzaXMyMDA4L1JlZmVyZW5jZXMvci1tb2Rlcy5iaWIAEwABLwAAFQACAA///wAAgAXSHB0eH1gkY2xhc3Nlc1okY2xhc3NuYW1lox8gIV1OU011dGFibGVEYXRhVk5TRGF0YVhOU09iamVjdF8QOC4uL3BhcGVycy9wYXBlcnMvRGF0YUFuYWx5c2lzMjAwOC9SZWZlcmVuY2VzL3ItbW9kZXMuYmli0hwdJCWiJSFcTlNEaWN0aW9uYXJ5EgABhqBfEA9OU0tleWVkQXJjaGl2ZXIACAARABYAHwAoADIANQA6ADwARQBLAFIAXQBlAGwAbwBxAHMAdgB4AHoAfACGAJMAmACgAmQCZgJrAnQCfwKDApECmAKhAtwC4QLkAvEC9gAAAAAAAAIBAAAAAAAAACgAAAAAAAAAAAAAAAAAAAMI},
	Bdsk-File-2 = {YnBsaXN0MDDUAQIDBAUIJidUJHRvcFgkb2JqZWN0c1gkdmVyc2lvblkkYXJjaGl2ZXLRBgdUcm9vdIABqAkKFRYXGyIjVSRudWxs0wsMDQ4RFFpOUy5vYmplY3RzV05TLmtleXNWJGNsYXNzog8QgASABqISE4ACgAOAB1lhbGlhc0RhdGFccmVsYXRpdmVQYXRo0hgNGRpXTlMuZGF0YU8RAcwAAAAAAcwAAgAADE1hY2ludG9zaCBIRAAAAAAAAAAAAAAAAAAAAMbdozVIKwAAAIVNTQ5SZWZlcmVuY2VzLmJpYgAAAAAAAAAAAAAAAAAAAAAAAAAAAAAAAAAAAAAAAAAAAAAAAAAAAAAAAAAAAAAAAAAAhVO1yLo8hwAAAAAAAAAAAAEABQAACSAAAAAAAAAAAAAAAAAAAAAKUmVmZXJlbmNlcwAQAAgAAMbd23UAAAARAAgAAMi6dMcAAAABABgAhU1NAIVMPwCFTD4AhUwxAAcjOgAAkZ8AAgBUTWFjaW50b3NoIEhEOlVzZXJzOmxwcGVrb3dzOnBhcGVyczpwYXBlcnM6RGF0YUFuYWx5c2lzMjAwODpSZWZlcmVuY2VzOlJlZmVyZW5jZXMuYmliAA4AHgAOAFIAZQBmAGUAcgBlAG4AYwBlAHMALgBiAGkAYgAPABoADABNAGEAYwBpAG4AdABvAHMAaAAgAEgARAASAEdVc2Vycy9scHBla293cy9wYXBlcnMvcGFwZXJzL0RhdGFBbmFseXNpczIwMDgvUmVmZXJlbmNlcy9SZWZlcmVuY2VzLmJpYgAAEwABLwAAFQACAA///wAAgAXSHB0eH1gkY2xhc3Nlc1okY2xhc3NuYW1lox8gIV1OU011dGFibGVEYXRhVk5TRGF0YVhOU09iamVjdF8QOy4uL3BhcGVycy9wYXBlcnMvRGF0YUFuYWx5c2lzMjAwOC9SZWZlcmVuY2VzL1JlZmVyZW5jZXMuYmli0hwdJCWiJSFcTlNEaWN0aW9uYXJ5EgABhqBfEA9OU0tleWVkQXJjaGl2ZXIACAARABYAHwAoADIANQA6ADwARQBLAFIAXQBlAGwAbwBxAHMAdgB4AHoAfACGAJMAmACgAnACcgJ3AoACiwKPAp0CpAKtAusC8ALzAwADBQAAAAAAAAIBAAAAAAAAACgAAAAAAAAAAAAAAAAAAAMX}}

@article{Droz:1999qx,
	Archiveprefix = {arXiv},
	Author = {Droz, Serge and Knapp, Daniel J. and Poisson, Eric and Owen, Benjamin J.},
	Date-Added = {2011-06-29 15:22:38 -0400},
	Date-Modified = {2011-06-29 15:22:39 -0400},
	Doi = {10.1103/PhysRevD.59.124016},
	Eprint = {gr-qc/9901076},
	Journal = {Phys. Rev. D},
	Pages = {124016},
	Slaccitation = {%%CITATION = GR-QC/9901076;%%},
	Title = {{Gravitational waves from inspiraling compact binaries: Validity of the stationary-phase approximation to the Fourier transform}},
	Volume = {59},
	Year = {1999},
	Bdsk-Url-1 = {http://dx.doi.org/10.1103/PhysRevD.59.124016}}

@article{Cokelaer:2007kx,
	Archiveprefix = {arXiv},
	Author = {Cokelaer, Thomas},
	Date-Added = {2011-06-29 15:22:38 -0400},
	Date-Modified = {2011-06-29 15:22:39 -0400},
	Doi = {10.1103/PhysRevD.76.102004},
	Eprint = {0706.4437},
	Journal = {Phys. Rev. D},
	Pages = {102004},
	Primaryclass = {gr-qc},
	Slaccitation = {%%CITATION = 0706.4437;%%},
	Title = {{Gravitational waves from inspiralling compact binaries: hexagonal template placement and its efficiency in detecting physical signals}},
	Volume = {76},
	Year = {2007},
	Bdsk-Url-1 = {http://dx.doi.org/10.1103/PhysRevD.76.102004}}

@unpublished{Allen:2005fk,
	Archiveprefix = {arXiv},
	Author = {Allen, Bruce and Anderson, Warren G. and Brady, Patrick R. and Brown, Duncan A. and Creighton, Jolien D. E.},
	Date-Added = {2011-06-29 15:22:38 -0400},
	Date-Modified = {2011-06-29 15:22:39 -0400},
	Eprint = {gr-qc/0509116},
	Slaccitation = {%%CITATION = GR-QC/0509116;%%},
	Title = {{FINDCHIRP: An algorithm for detection of gravitational waves from inspiraling compact binaries}},
	Year = {2005}}

@article{Blanchet:1999pm,
	Archiveprefix = {arXiv},
	Author = {Blanchet, Luc},
	Date-Added = {2011-06-29 15:22:38 -0400},
	Date-Modified = {2011-06-29 15:22:39 -0400},
	Eprint = {gr-qc/0403122},
	Slaccitation = {%%CITATION = GR-QC/0403122;%%},
	Title = {{Equations of motion of compact binaries at the third post- Newtonian order}},
	Year = {1999}}

@article{Blanchet:2002av,
	Archiveprefix = {arXiv},
	Author = {Blanchet, Luc},
	Date-Added = {2011-06-29 15:22:38 -0400},
	Date-Modified = {2011-06-29 15:22:39 -0400},
	Eprint = {gr-qc/0202016},
	Journal = {Living Rev. Rel.},
	Pages = {3},
	Slaccitation = {%%CITATION = GR-QC/0202016;%%},
	Title = {{Gravitational radiation from post-Newtonian sources and inspiralling compact binaries}},
	Volume = {5},
	Year = {2002}}

@article{Babak:2006ty,
	Archiveprefix = {arXiv},
	Author = {Babak, S. and Balasubramanian, R. and Churches, D. and Cokelaer, T. and Sathyaprakash, B. S.},
	Date-Added = {2011-06-29 15:22:38 -0400},
	Date-Modified = {2011-06-29 15:22:39 -0400},
	Eprint = {gr-qc/0604037},
	Journal = {Class. Quant. Grav.},
	Pages = {5477-5504},
	Slaccitation = {%%CITATION = GR-QC/0604037;%%},
	Title = {{A template bank to search for gravitational waves from inspiralling compact binaries. I: Physical models}},
	Volume = {23},
	Year = {2006}}

@article{Buonanno:2000ef,
	Archiveprefix = {arXiv},
	Author = {Buonanno, Alessandra and Damour, Thibault},
	Date-Added = {2011-06-29 15:22:38 -0400},
	Date-Modified = {2011-06-29 15:22:39 -0400},
	Doi = {10.1103/PhysRevD.62.064015},
	Eprint = {gr-qc/0001013},
	Journal = {Phys. Rev. D},
	Pages = {064015},
	Slaccitation = {%%CITATION = GR-QC/0001013;%%},
	Title = {{Transition from inspiral to plunge in binary black hole coalescences}},
	Volume = 62,
	Year = {2000},
	Bdsk-Url-1 = {http://dx.doi.org/10.1103/PhysRevD.62.064015}}

@unpublished{Buonanno:2000jz,
	Archiveprefix = {arXiv},
	Author = {Buonanno, Alessandra and Damour, Thibault},
	Date-Added = {2011-06-29 15:22:38 -0400},
	Date-Modified = {2011-06-29 15:22:39 -0400},
	Eprint = {gr-qc/0011052},
	Slaccitation = {%%CITATION = GR-QC/0011052;%%},
	Title = {{Binary black holes coalescence: Transition from adiabatic inspiral to plunge}},
	Year = {2000}}

@article{vanderSluys:2007st,
	Archiveprefix = {arXiv},
	Author = {van der Sluys, M. V. and others},
	Date-Added = {2011-06-29 15:22:38 -0400},
	Date-Modified = {2011-06-29 15:22:39 -0400},
	Eprint = {0710.1897},
	Journal = {Astrophys. J.},
	Month = dec,
	Pages = {L61-L65},
	Primaryclass = {astro-ph},
	Slaccitation = {%%CITATION = 0710.1897;%%},
	Title = {{Gravitational-Wave Astronomy with Inspiral Signals of Spinning Compact-Object Binaries}},
	Volume = 688,
	Year = 2008}

@article{vanderSluys:2008qx,
	Archiveprefix = {arXiv},
	Author = {van der Sluys, Marc and others},
	Date-Added = {2011-06-29 15:22:38 -0400},
	Date-Modified = {2011-06-29 15:22:39 -0400},
	Doi = {10.1088/0264-9381/25/18/184011},
	Eprint = {0805.1689},
	Journal = {Class. Quant. Grav.},
	Pages = {184011},
	Primaryclass = {gr-qc},
	Slaccitation = {%%CITATION = 0805.1689;%%},
	Title = {{Parameter estimation of spinning binary inspirals using Markov-chain Monte Carlo}},
	Volume = {25},
	Year = {2008},
	Bdsk-Url-1 = {http://dx.doi.org/10.1088/0264-9381/25/18/184011}}

@article{Apostolatos:1994mx,
	Author = {Apostolatos, Theocharis A. and Cutler, Curt and Sussman, Gerald J. and Thorne, Kip S.},
	Date-Added = {2011-06-29 15:22:38 -0400},
	Date-Modified = {2011-06-29 15:22:39 -0400},
	Doi = {10.1103/PhysRevD.49.6274},
	Journal = {Phys. Rev. D},
	Pages = {6274-6297},
	Slaccitation = {%%CITATION = PHRVA,D49,6274;%%},
	Title = {{Spin induced orbital precession and its modulation of the gravitational wave forms from merging binaries}},
	Volume = {49},
	Year = {1994},
	Bdsk-Url-1 = {http://dx.doi.org/10.1103/PhysRevD.49.6274}}

@article{Moncrief:1974am,
	Author = {Moncrief, V.},
	Date-Added = {2011-06-29 15:22:38 -0400},
	Date-Modified = {2011-06-29 15:22:39 -0400},
	Doi = {10.1016/0003-4916(74)90173-0},
	Journal = {Ann. Phys.},
	Pages = {323-342},
	Slaccitation = {%%CITATION = APNYA,88,323;%%},
	Title = {{Gravitational perturbations of spherically symmetric systems. I. The exterior problem}},
	Volume = {88},
	Year = {1974},
	Bdsk-Url-1 = {http://dx.doi.org/10.1016/0003-4916(74)90173-0}}

@article{Abbott:2007xi,
	Archiveprefix = {arXiv},
	Author = {Abbott, B. and others},
	Collaboration = {LIGO Scientific},
	Date-Added = {2011-06-29 15:22:38 -0400},
	Date-Modified = {2011-06-29 15:22:39 -0400},
	Doi = {10.1103/PhysRevD.77.062002},
	Eprint = {0704.3368},
	Journal = {Phys. Rev. D},
	Pages = {062002},
	Primaryclass = {gr-qc},
	Slaccitation = {%%CITATION = 0704.3368;%%},
	Title = {{Search for gravitational waves from binary inspirals in S3 and S4 LIGO data}},
	Volume = {77},
	Year = {2008},
	Bdsk-Url-1 = {http://dx.doi.org/10.1103/PhysRevD.77.062002}}

@article{Boyle:2008ge,
	Archiveprefix = {arXiv},
	Author = {Boyle, Michael and others},
	Date-Added = {2011-06-29 15:22:38 -0400},
	Date-Modified = {2011-06-29 15:22:39 -0400},
	Doi = {10.1103/PhysRevD.78.104020},
	Eprint = {0804.4184},
	Journal = {Phys. Rev. D},
	Pages = {104020},
	Primaryclass = {gr-qc},
	Title = {{High-accuracy numerical simulation of black-hole binaries: Computation of the gravitational-wave energy flux and comparisons with post-Newtonian approximants}},
	Volume = {78},
	Year = {2008},
	Bdsk-Url-1 = {http://dx.doi.org/10.1103/PhysRevD.78.104020}}

@article{Buonanno:2007pf,
	Archiveprefix = {arXiv},
	Author = {Buonanno, Alessandra and others},
	Date-Added = {2011-06-29 15:22:38 -0400},
	Date-Modified = {2011-06-29 15:22:39 -0400},
	Doi = {10.1103/PhysRevD.76.104049},
	Eprint = {0706.3732},
	Journal = {Phys. Rev. D},
	Pages = {104049},
	Primaryclass = {gr-qc},
	Slaccitation = {%%CITATION = 0706.3732;%%},
	Title = {{Toward faithful templates for non-spinning binary black holes using the effective-one-body approach}},
	Volume = {76},
	Year = {2007},
	Bdsk-Url-1 = {http://dx.doi.org/10.1103/PhysRevD.76.104049}}

@article{Ajith:2007kx,
	Archiveprefix = {arXiv},
	Author = {Ajith, P. and others},
	Date-Added = {2011-06-29 15:22:38 -0400},
	Date-Modified = {2011-06-29 15:22:39 -0400},
	Doi = {10.1103/PhysRevD.77.104017},
	Eprint = {0710.2335},
	Journal = {Phys. Rev. D},
	Pages = {104017},
	Primaryclass = {gr-qc},
	Slaccitation = {%%CITATION = 0710.2335;%%},
	Title = {{A template bank for gravitational waveforms from coalescing binary black holes: I. non-spinning binaries}},
	Volume = {77},
	Year = {2008},
	Bdsk-Url-1 = {http://dx.doi.org/10.1103/PhysRevD.77.104017}}

@article{Ajith:2007qp,
	Archiveprefix = {arXiv},
	Author = {Ajith, Parameswaran and others},
	Date-Added = {2011-06-29 15:22:38 -0400},
	Date-Modified = {2011-06-29 15:22:39 -0400},
	Doi = {10.1088/0264-9381/24/19/S31},
	Eprint = {0704.3764},
	Journal = {Class. Quant. Grav.},
	Pages = {S689-S700},
	Primaryclass = {gr-qc},
	Slaccitation = {%%CITATION = 0704.3764;%%},
	Title = {{Phenomenological template family for black-hole coalescence waveforms}},
	Volume = {24},
	Year = {2007},
	Bdsk-Url-1 = {http://dx.doi.org/10.1088/0264-9381/24/19/S31}}

@article{Ajith:2007xh,
	Archiveprefix = {arXiv},
	Author = {Ajith, P.},
	Date-Added = {2011-06-29 15:22:38 -0400},
	Date-Modified = {2011-06-29 15:22:39 -0400},
	Doi = {10.1088/0264-9381/25/11/114033},
	Eprint = {0712.0343},
	Journal = {Class. Quant. Grav.},
	Pages = {114033},
	Primaryclass = {gr-qc},
	Slaccitation = {%%CITATION = 0712.0343;%%},
	Title = {{Gravitational-wave data analysis using binary black-hole waveforms}},
	Volume = {25},
	Year = {2008},
	Bdsk-Url-1 = {http://dx.doi.org/10.1088/0264-9381/25/11/114033}}

@article{Damour:2007yf,
	Archiveprefix = {arXiv},
	Author = {Damour, Thibault and Nagar, Alessandro},
	Date-Added = {2011-06-29 15:22:38 -0400},
	Date-Modified = {2011-06-29 15:22:39 -0400},
	Doi = {10.1103/PhysRevD.77.024043},
	Eprint = {0711.2628},
	Journal = {Phys. Rev. D},
	Pages = {024043},
	Primaryclass = {gr-qc},
	Slaccitation = {%%CITATION = 0711.2628;%%},
	Title = {{Comparing Effective-One-Body gravitational waveforms to accurate numerical data}},
	Volume = {77},
	Year = {2008},
	Bdsk-Url-1 = {http://dx.doi.org/10.1103/PhysRevD.77.024043}}

@article{Damour:2007vq,
	Archiveprefix = {arXiv},
	Author = {Damour, Thibault and Nagar, Alessandro and Dorband, Ernst Nils and Pollney, Denis and Rezzolla, Luciano},
	Date-Added = {2011-06-29 15:22:38 -0400},
	Date-Modified = {2011-06-29 15:22:39 -0400},
	Doi = {10.1103/PhysRevD.77.084017},
	Eprint = {0712.3003},
	Journal = {Phys. Rev. D},
	Pages = {084017},
	Primaryclass = {gr-qc},
	Slaccitation = {%%CITATION = 0712.3003;%%},
	Title = {{Faithful Effective-One-Body waveforms of equal-mass coalescing black-hole binaries}},
	Volume = {77},
	Year = {2008},
	Bdsk-Url-1 = {http://dx.doi.org/10.1103/PhysRevD.77.084017}}

@article{Pan:2007nw,
	Archiveprefix = {arXiv},
	Author = {Pan, Yi and others},
	Date-Added = {2011-06-29 15:22:38 -0400},
	Date-Modified = {2011-06-29 15:22:39 -0400},
	Doi = {10.1103/PhysRevD.77.024014},
	Eprint = {0704.1964},
	Journal = {Phys. Rev. D},
	Pages = {024014},
	Primaryclass = {gr-qc},
	Slaccitation = {%%CITATION = 0704.1964;%%},
	Title = {{A data-analysis driven comparison of analytic and numerical coalescing binary waveforms: Nonspinning case}},
	Volume = {77},
	Year = {2008},
	Bdsk-Url-1 = {http://dx.doi.org/10.1103/PhysRevD.77.024014}}

@article{Berti:2005ys,
	Archiveprefix = {arXiv},
	Author = {Berti, Emanuele and Cardoso, Vitor and Will, Clifford M.},
	Date-Added = {2011-06-29 15:22:38 -0400},
	Date-Modified = {2011-06-29 15:22:39 -0400},
	Doi = {10.1103/PhysRevD.73.064030},
	Eprint = {gr-qc/0512160},
	Journal = {Phys. Rev. D},
	Pages = {064030},
	Slaccitation = {%%CITATION = GR-QC/0512160;%%},
	Title = {{On gravitational-wave spectroscopy of massive black holes with the space interferometer LISA}},
	Volume = {73},
	Year = {2006},
	Bdsk-Url-1 = {http://dx.doi.org/10.1103/PhysRevD.73.064030}}

@article{Chatterji:2004qg,
	Archiveprefix = {arXiv},
	Author = {Chatterji, S. and Blackburn, L. and Martin, G. and Katsavounidis, E.},
	Date-Added = {2011-06-29 15:22:38 -0400},
	Date-Modified = {2011-06-29 15:22:39 -0400},
	Doi = {10.1088/0264-9381/21/20/024},
	Eprint = {gr-qc/0412119},
	Journal = {Class. Quant. Grav.},
	Pages = {S1809-S1818},
	Slaccitation = {%%CITATION = GR-QC/0412119;%%},
	Title = {{Multiresolution techniques for the detection of gravitational-wave bursts}},
	Volume = {21},
	Year = {2004},
	Bdsk-Url-1 = {http://dx.doi.org/10.1088/0264-9381/21/20/024}}

@article{Creighton:1999pm,
	Archiveprefix = {arXiv},
	Author = {Creighton, Jolien D. E.},
	Date-Added = {2011-06-29 15:22:38 -0400},
	Date-Modified = {2011-06-29 15:22:39 -0400},
	Doi = {10.1103/PhysRevD.60.022001},
	Eprint = {gr-qc/9901084},
	Journal = {Phys. Rev. D},
	Pages = {022001},
	Slaccitation = {%%CITATION = GR-QC/9901084;%%},
	Title = {{Search techniques for gravitational waves from black-hole ringdowns}},
	Volume = {60},
	Year = {1999},
	Bdsk-Url-1 = {http://dx.doi.org/10.1103/PhysRevD.60.022001}}

@article{Detweiler:1980gk,
	Author = {Detweiler, S.},
	Date-Added = {2011-06-29 15:22:38 -0400},
	Date-Modified = {2011-06-29 15:22:39 -0400},
	Doi = {10.1086/158109},
	Journal = {Astrophys. J.},
	Pages = {292-295},
	Slaccitation = {%%CITATION = ASJOA,239,292;%%},
	Title = {{Black Holes and Gravitational Waves. III. The Resonant Frequencies of Rotation Holes}},
	Volume = {239},
	Year = {1980},
	Bdsk-Url-1 = {http://dx.doi.org/10.1086/158109}}

@article{Echeverria:1989hg,
	Author = {Echeverria, F.},
	Date-Added = {2011-06-29 15:22:38 -0400},
	Date-Modified = {2011-06-29 15:22:39 -0400},
	Doi = {10.1103/PhysRevD.40.3194},
	Journal = {Phys. Rev. D},
	Pages = {3194-3203},
	Slaccitation = {%%CITATION = PHRVA,D40,3194;%%},
	Title = {{Gravitational Wave Measurements of the Mass and Angular Momentum of a Black Hole}},
	Volume = {40},
	Year = {1989},
	Bdsk-Url-1 = {http://dx.doi.org/10.1103/PhysRevD.40.3194}}

@article{Leaver:1985ax,
	Author = {Leaver, E. W.},
	Date-Added = {2011-06-29 15:22:38 -0400},
	Date-Modified = {2011-06-29 15:22:39 -0400},
	Journal = {Proc. Roy. Soc. Lond.},
	Pages = {285-298},
	Slaccitation = {%%CITATION = PRSLA,A402,285;%%},
	Title = {{An Analytic representation for the quasi normal modes of Kerr black holes}},
	Volume = {A402},
	Year = {1985}}

@article{Fairhurst:2007qj,
	Archiveprefix = {arXiv},
	Author = {Fairhurst, Stephen and Brady, Patrick},
	Date-Added = {2011-06-29 15:22:38 -0400},
	Date-Modified = {2011-06-29 15:22:39 -0400},
	Doi = {10.1088/0264-9381/25/10/105002},
	Eprint = {0707.2410},
	Journal = {Class. Quant. Grav.},
	Pages = {105002},
	Primaryclass = {gr-qc},
	Slaccitation = {%%CITATION = 0707.2410;%%},
	Title = {{Interpreting the results of searches for gravitational waves from coalescing binaries}},
	Volume = {25},
	Year = {2008},
	Bdsk-Url-1 = {http://dx.doi.org/10.1088/0264-9381/25/10/105002}}

@article{Rezzolla:2007rz,
	Archiveprefix = {arXiv},
	Author = {Rezzolla, Luciano and others},
	Date-Added = {2011-06-29 15:22:38 -0400},
	Date-Modified = {2011-06-29 15:22:39 -0400},
	Doi = {10.1103/PhysRevD.78.044002},
	Eprint = {0712.3541},
	Journal = {Phys. Rev. D},
	Pages = {044002},
	Primaryclass = {gr-qc},
	Slaccitation = {%%CITATION = 0712.3541;%%},
	Title = {{On the final spin from the coalescence of two black holes}},
	Volume = {78},
	Year = {2008},
	Bdsk-Url-1 = {http://dx.doi.org/10.1103/PhysRevD.78.044002}}

@article{Kidder:1992fr,
	Archiveprefix = {arXiv},
	Author = {Kidder, Lawrence E. and Will, Clifford M. and Wiseman, Alan G.},
	Date-Added = {2011-06-29 15:22:38 -0400},
	Date-Modified = {2011-06-29 15:22:39 -0400},
	Doi = {10.1103/PhysRevD.47.R4183},
	Eprint = {gr-qc/9211025},
	Journal = {Phys. Rev. D},
	Pages = {4183-4187},
	Slaccitation = {%%CITATION = GR-QC/9211025;%%},
	Title = {{Spin effects in the inspiral of coalescing compact binaries}},
	Volume = {47},
	Year = {1993},
	Bdsk-Url-1 = {http://dx.doi.org/10.1103/PhysRevD.47.R4183}}

@article{Camp:2007ee,
	Archiveprefix = {arXiv},
	Author = {Camp, Jordan B. and Cannizzo, John K. and Numata, Kenji},
	Date-Added = {2011-06-29 15:22:38 -0400},
	Date-Modified = {2011-06-29 15:22:39 -0400},
	Doi = {10.1103/PhysRevD.75.061101},
	Eprint = {gr-qc/0701148},
	Journal = {Phys. Rev. D},
	Pages = {061101},
	Slaccitation = {%%CITATION = GR-QC/0701148;%%},
	Title = {{Application of the Hilbert-Huang transform to the search for gravitational waves}},
	Volume = {75},
	Year = {2007},
	Bdsk-Url-1 = {http://dx.doi.org/10.1103/PhysRevD.75.061101}}

@article{McNabb:2004bu,
	Archiveprefix = {arXiv},
	Author = {McNabb, J. W. C. and others},
	Date-Added = {2011-06-29 15:22:38 -0400},
	Date-Modified = {2011-06-29 15:22:39 -0400},
	Doi = {10.1088/0264-9381/21/20/013},
	Eprint = {gr-qc/0404123},
	Journal = {Class. Quant. Grav.},
	Pages = {S1705-S1710},
	Slaccitation = {%%CITATION = GR-QC/0404123;%%},
	Title = {{Overview of the BlockNormal event trigger generator}},
	Volume = {21},
	Year = {2004},
	Bdsk-Url-1 = {http://dx.doi.org/10.1088/0264-9381/21/20/013}}

@article{Veitch:2008ur,
	Archiveprefix = {arXiv},
	Author = {Veitch, John and Vecchio, Alberto},
	Date-Added = {2011-06-29 15:22:38 -0400},
	Date-Modified = {2011-06-29 15:22:39 -0400},
	Doi = {10.1103/PhysRevD.78.022001},
	Eprint = {0801.4313},
	Journal = {Phys. Rev. D},
	Pages = {022001},
	Primaryclass = {gr-qc},
	Slaccitation = {%%CITATION = 0801.4313;%%},
	Title = {{A Bayesian approach to the follow-up of candidate gravitational wave signals}},
	Volume = {78},
	Year = {2008},
	Bdsk-Url-1 = {http://dx.doi.org/10.1103/PhysRevD.78.022001}}

@article{Veitch:2008wd,
	Archiveprefix = {arXiv},
	Author = {Veitch, John and Vecchio, Alberto},
	Date-Added = {2011-06-29 15:22:38 -0400},
	Date-Modified = {2011-06-29 15:22:39 -0400},
	Doi = {10.1088/0264-9381/25/18/184010},
	Eprint = {0807.4483},
	Journal = {Class. Quant. Grav.},
	Pages = {184010},
	Primaryclass = {gr-qc},
	Slaccitation = {%%CITATION = 0807.4483;%%},
	Title = {{Assigning confidence to inspiral gravitational wave candidates with Bayesian model selection}},
	Volume = {25},
	Year = {2008},
	Bdsk-Url-1 = {http://dx.doi.org/10.1088/0264-9381/25/18/184010}}

@article{Cook:2000vr,
	Archiveprefix = {arXiv},
	Author = {Cook, Gregory B.},
	Date-Added = {2011-06-29 15:22:38 -0400},
	Date-Modified = {2011-06-29 15:22:39 -0400},
	Eprint = {gr-qc/0007085},
	Journal = {Living Rev. Rel.},
	Pages = {5},
	Slaccitation = {%%CITATION = GR-QC/0007085;%%},
	Title = {{Initial Data for Numerical Relativity}},
	Volume = {3},
	Year = {2000}}

@article{Cook:2004kt,
	Archiveprefix = {arXiv},
	Author = {Cook, Gregory B. and Pfeiffer, Harald P.},
	Date-Added = {2011-06-29 15:22:38 -0400},
	Date-Modified = {2011-06-29 15:22:39 -0400},
	Doi = {10.1103/PhysRevD.70.104016},
	Eprint = {gr-qc/0407078},
	Journal = {Phys. Rev. D},
	Pages = {104016},
	Slaccitation = {%%CITATION = GR-QC/0407078;%%},
	Title = {{Excision boundary conditions for black hole initial data}},
	Volume = {70},
	Year = {2004},
	Bdsk-Url-1 = {http://dx.doi.org/10.1103/PhysRevD.70.104016}}

@article{Tichy:2003qi,
	Archiveprefix = {arXiv},
	Author = {Tichy, Wolfgang and Bruegmann, Bernd},
	Date-Added = {2011-06-29 15:22:38 -0400},
	Date-Modified = {2011-06-29 15:22:39 -0400},
	Doi = {10.1103/PhysRevD.69.024006},
	Eprint = {gr-qc/0307027},
	Journal = {Phys. Rev. D},
	Pages = {024006},
	Slaccitation = {%%CITATION = GR-QC/0307027;%%},
	Title = {{Quasi-equilibrium binary black hole sequences for puncture data derived from helical Killing vector conditions}},
	Volume = {69},
	Year = {2004},
	Bdsk-Url-1 = {http://dx.doi.org/10.1103/PhysRevD.69.024006}}

@article{Beig:1993gt,
	Archiveprefix = {arXiv},
	Author = {Beig, R. and Murchadha, N. O.},
	Date-Added = {2011-06-29 15:22:38 -0400},
	Date-Modified = {2011-06-29 15:22:39 -0400},
	Eprint = {gr-qc/9304034},
	Journal = {Class. Quant. Grav.},
	Pages = {419-430},
	Slaccitation = {%%CITATION = GR-QC/9304034;%%},
	Title = {{Trapped surfaces in vacuum space-times}},
	Volume = {11},
	Year = {1994}}

@article{Dain:2001ry,
	Archiveprefix = {arXiv},
	Author = {Dain, Sergio and Friedrich, Helmut},
	Date-Added = {2011-06-29 15:22:38 -0400},
	Date-Modified = {2011-06-29 15:22:39 -0400},
	Doi = {10.1007/s002200100524},
	Eprint = {gr-qc/0102047},
	Journal = {Commun. Math. Phys.},
	Pages = {569-609},
	Slaccitation = {%%CITATION = GR-QC/0102047;%%},
	Title = {{Asymptotically Flat Initial Data with Prescribed Regularity at Infinity}},
	Volume = {222},
	Year = {2001},
	Bdsk-Url-1 = {http://dx.doi.org/10.1007/s002200100524}}

@article{Friedrich:2000qv,
	Author = {Friedrich, Helmut and Rendall, Alan D.},
	Date-Added = {2011-06-29 15:22:38 -0400},
	Date-Modified = {2011-06-29 15:22:39 -0400},
	Eprint = {gr-qc/0002074},
	Journal = {Lect. Notes Phys.},
	Pages = {127-224},
	Slaccitation = {%%CITATION = GR-QC 0002074;%%},
	Title = {The {C}auchy Problem for the {E}instein Equations},
	Volume = {540},
	Year = {2000}}

@article{Bona:1997hp,
	Archiveprefix = {arXiv},
	Author = {Bona, C. and Masso, J. and Seidel, E. and Stela, J.},
	Date-Added = {2011-06-29 15:22:38 -0400},
	Date-Modified = {2011-06-29 15:22:39 -0400},
	Doi = {10.1103/PhysRevD.56.3405},
	Eprint = {gr-qc/9709016},
	Journal = {Phys. Rev. D},
	Pages = {3405-3415},
	Slaccitation = {%%CITATION = GR-QC/9709016;%%},
	Title = {{First order hyperbolic formalism for numerical relativity}},
	Volume = {56},
	Year = {1997},
	Bdsk-Url-1 = {http://dx.doi.org/10.1103/PhysRevD.56.3405}}

@article{Alcubierre:2002kk,
	Archiveprefix = {arXiv},
	Author = {Alcubierre, Miguel and others},
	Date-Added = {2011-06-29 15:22:38 -0400},
	Date-Modified = {2011-06-29 15:22:39 -0400},
	Doi = {10.1103/PhysRevD.67.084023},
	Eprint = {gr-qc/0206072},
	Journal = {Phys. Rev. D},
	Pages = {084023},
	Slaccitation = {%%CITATION = GR-QC/0206072;%%},
	Title = {{Gauge conditions for long-term numerical black hole evolutions without excision}},
	Volume = {67},
	Year = {2003},
	Bdsk-Url-1 = {http://dx.doi.org/10.1103/PhysRevD.67.084023}}

@article{Alcubierre:2000xu,
	Archiveprefix = {arXiv},
	Author = {Alcubierre, Miguel and others},
	Date-Added = {2011-06-29 15:22:38 -0400},
	Date-Modified = {2011-06-29 15:22:39 -0400},
	Doi = {10.1103/PhysRevD.62.044034},
	Eprint = {gr-qc/0003071},
	Journal = {Phys. Rev. D},
	Pages = {044034},
	Slaccitation = {%%CITATION = GR-QC/0003071;%%},
	Title = {{Towards a stable numerical evolution of strongly gravitating systems in general relativity: The conformal treatments}},
	Volume = 62,
	Year = {2000},
	Bdsk-Url-1 = {http://dx.doi.org/10.1103/PhysRevD.62.044034}}

@article{Hannam:2006vv,
	Archiveprefix = {arXiv},
	Author = {Hannam, Mark and Husa, Sascha and Pollney, Denis and Bruegmann, Bernd and O'Murchadha, Niall},
	Date-Added = {2011-06-29 15:22:38 -0400},
	Date-Modified = {2011-06-29 15:22:39 -0400},
	Doi = {10.1103/PhysRevLett.99.241102},
	Eprint = {gr-qc/0606099},
	Journal = {Phys. Rev. Lett.},
	Pages = {241102},
	Slaccitation = {%%CITATION = GR-QC/0606099;%%},
	Title = {{Geometry and Regularity of Moving Punctures}},
	Volume = {99},
	Year = {2007},
	Bdsk-Url-1 = {http://dx.doi.org/10.1103/PhysRevLett.99.241102}}

@article{Hannam:2006xw,
	Archiveprefix = {arXiv},
	Author = {Hannam, Mark and others},
	Date-Added = {2011-06-29 15:22:38 -0400},
	Date-Modified = {2011-06-29 15:22:39 -0400},
	Doi = {10.1088/1742-6596/66/1/012047},
	Eprint = {gr-qc/0612097},
	Journal = {J. Phys. Conf. Ser.},
	Pages = {012047},
	Slaccitation = {%%CITATION = GR-QC/0612097;%%},
	Title = {{Where do moving punctures go?}},
	Volume = {66},
	Year = {2007},
	Bdsk-Url-1 = {http://dx.doi.org/10.1088/1742-6596/66/1/012047}}

@article{Hannam:2008sg,
	Archiveprefix = {arXiv},
	Author = {Hannam, Mark and Husa, Sascha and Ohme, Frank and Bruegmann, Bernd and O'Murchadha, Niall},
	Date-Added = {2011-06-29 15:22:38 -0400},
	Date-Modified = {2011-06-29 15:22:39 -0400},
	Eprint = {0804.0628},
	Journal = {Phys. Rev. D},
	Pages = {064020},
	Primaryclass = {gr-qc},
	Slaccitation = {%%CITATION = 0804.0628;%%},
	Title = {{Wormholes and trumpets: Schwarzschild spacetime for the moving-puncture generation}},
	Volume = {78},
	Year = {2008}}

@article{Baker:2006ha,
	Archiveprefix = {arXiv},
	Author = {Baker, John G. and van Meter, James R. and McWilliams, Sean T. and Centrella, Joan and Kelly, Bernard J.},
	Date-Added = {2011-06-29 15:22:38 -0400},
	Date-Modified = {2011-06-29 15:22:39 -0400},
	Doi = {10.1103/PhysRevLett.99.181101},
	Eprint = {gr-qc/0612024},
	Journal = {Phys. Rev. Lett.},
	Pages = {181101},
	Slaccitation = {%%CITATION = GR-QC/0612024;%%},
	Title = {{Consistency of post-Newtonian waveforms with numerical relativity}},
	Volume = {99},
	Year = {2007},
	Bdsk-Url-1 = {http://dx.doi.org/10.1103/PhysRevLett.99.181101}}

@article{Baker:2006yw,
	Archiveprefix = {arXiv},
	Author = {Baker, John G. and Centrella, Joan and Choi, Dae-Il and Koppitz, Michael and van Meter, James},
	Date-Added = {2011-06-29 15:22:38 -0400},
	Date-Modified = {2011-06-29 15:22:39 -0400},
	Doi = {10.1103/PhysRevD.73.104002},
	Eprint = {gr-qc/0602026},
	Journal = {Phys. Rev. D},
	Pages = {104002},
	Slaccitation = {%%CITATION = GR-QC/0602026;%%},
	Title = {{Binary black hole merger dynamics and waveforms}},
	Volume = {73},
	Year = {2006},
	Bdsk-Url-1 = {http://dx.doi.org/10.1103/PhysRevD.73.104002}}

@article{Gundlach:2006tw,
	Archiveprefix = {arXiv},
	Author = {Gundlach, Carsten and Martin-Garcia, Jose M.},
	Date-Added = {2011-06-29 15:22:38 -0400},
	Date-Modified = {2011-06-29 15:22:39 -0400},
	Doi = {10.1103/PhysRevD.74.024016},
	Eprint = {gr-qc/0604035},
	Journal = {Phys. Rev. D},
	Pages = {024016},
	Slaccitation = {%%CITATION = GR-QC/0604035;%%},
	Title = {{Well-posedness of formulations of the Einstein equations with dynamical lapse and shift conditions}},
	Volume = {74},
	Year = {2006},
	Bdsk-Url-1 = {http://dx.doi.org/10.1103/PhysRevD.74.024016}}

@unpublished{Scheel:2008rj,
	Archiveprefix = {arXiv},
	Author = {Scheel, Mark A. and others},
	Date-Added = {2011-06-29 15:22:38 -0400},
	Date-Modified = {2011-06-29 15:22:39 -0400},
	Eprint = {0810.1767},
	Primaryclass = {gr-qc},
	Slaccitation = {%%CITATION = 0810.1767;%%},
	Title = {{High-accuracy waveforms for binary black hole inspiral, merger, and ringdown}},
	Year = {2008}}

@article{Vaishnav:2007nm,
	Archiveprefix = {arXiv},
	Author = {Vaishnav, Birjoo and Hinder, Ian and Herrmann, Frank and Shoemaker, Deirdre},
	Date-Added = {2011-06-29 15:22:38 -0400},
	Date-Modified = {2011-06-29 15:22:39 -0400},
	Doi = {10.1103/PhysRevD.76.084020},
	Eprint = {0705.3829},
	Journal = {Phys. Rev. D},
	Pages = {084020},
	Primaryclass = {gr-qc},
	Slaccitation = {%%CITATION = 0705.3829;%%},
	Title = {{Matched Filtering of Numerical Relativity Templates of Spinning Binary Black Holes}},
	Volume = {76},
	Year = {2007},
	Bdsk-Url-1 = {http://dx.doi.org/10.1103/PhysRevD.76.084020}}

@article{Etienne:2007hr,
	Archiveprefix = {arXiv},
	Author = {Etienne, Zachariah B. and Faber, Joshua A. and Liu, Yuk Tung and Shapiro, Stuart L. and Baumgarte, Thomas W.},
	Date-Added = {2011-06-29 15:22:38 -0400},
	Date-Modified = {2011-06-29 15:22:39 -0400},
	Doi = {10.1103/PhysRevD.76.101503},
	Eprint = {0707.2083},
	Journal = {Phys. Rev. D},
	Pages = {101503},
	Primaryclass = {gr-qc},
	Slaccitation = {%%CITATION = 0707.2083;%%},
	Title = {{Filling the holes: Evolving excised binary black hole initial data with puncture techniques}},
	Volume = {76},
	Year = {2007},
	Bdsk-Url-1 = {http://dx.doi.org/10.1103/PhysRevD.76.101503}}

@article{Etienne:2007jg,
	Archiveprefix = {arXiv},
	Author = {Etienne, Zachariah B. and others},
	Date-Added = {2011-06-29 15:22:38 -0400},
	Date-Modified = {2011-06-29 15:22:39 -0400},
	Doi = {10.1103/PhysRevD.77.084002},
	Eprint = {0712.2460},
	Journal = {Phys. Rev. D},
	Pages = {084002},
	Primaryclass = {astro-ph},
	Slaccitation = {%%CITATION = 0712.2460;%%},
	Title = {{Fully General Relativistic Simulations of Black Hole- Neutron Star Mergers}},
	Volume = {77},
	Year = {2008},
	Bdsk-Url-1 = {http://dx.doi.org/10.1103/PhysRevD.77.084002}}

@article{Marronetti:2007ya,
	Archiveprefix = {arXiv},
	Author = {Marronetti, Pedro and others},
	Date-Added = {2011-06-29 15:22:38 -0400},
	Date-Modified = {2011-06-29 15:22:39 -0400},
	Doi = {10.1088/0264-9381/24/12/S05},
	Eprint = {gr-qc/0701123},
	Journal = {Class. Quant. Grav.},
	Pages = {S43-S58},
	Slaccitation = {%%CITATION = GR-QC/0701123;%%},
	Title = {{Binary black holes on a budget: Simulations using workstations}},
	Volume = {24},
	Year = {2007},
	Bdsk-Url-1 = {http://dx.doi.org/10.1088/0264-9381/24/12/S05}}

@article{Tichy:2008du,
	Archiveprefix = {arXiv},
	Author = {Tichy, Wolfgang and Marronetti, Pedro},
	Date-Added = {2011-06-29 15:22:38 -0400},
	Date-Modified = {2011-06-29 15:22:39 -0400},
	Doi = {10.1103/PhysRevD.78.081501},
	Eprint = {0807.2985},
	Journal = {Phys. Rev. D},
	Pages = {081501},
	Primaryclass = {gr-qc},
	Slaccitation = {%%CITATION = 0807.2985;%%},
	Title = {{The final mass and spin of black hole mergers}},
	Volume = {78},
	Year = {2008},
	Bdsk-Url-1 = {http://dx.doi.org/10.1103/PhysRevD.78.081501}}

@article{Marronetti:2007wz,
	Archiveprefix = {arXiv},
	Author = {Marronetti, Pedro and Tichy, Wolfgang and Bruegmann, Bernd and Gonzalez, Jose and Sperhake, Ulrich},
	Date-Added = {2011-06-29 15:22:38 -0400},
	Date-Modified = {2011-06-29 15:22:39 -0400},
	Doi = {10.1103/PhysRevD.77.064010},
	Eprint = {0709.2160},
	Journal = {Phys. Rev. D},
	Pages = {064010},
	Primaryclass = {gr-qc},
	Slaccitation = {%%CITATION = 0709.2160;%%},
	Title = {{High-spin binary black hole mergers}},
	Volume = 77,
	Year = {2008},
	Bdsk-Url-1 = {http://dx.doi.org/10.1103/PhysRevD.77.064010}}

@article{Tichy:2007hk,
	Archiveprefix = {arXiv},
	Author = {Tichy, Wolfgang and Marronetti, Pedro},
	Date-Added = {2011-06-29 15:22:38 -0400},
	Date-Modified = {2011-06-29 15:22:39 -0400},
	Doi = {10.1103/PhysRevD.76.061502},
	Eprint = {gr-qc/0703075},
	Journal = {Phys. Rev. D},
	Pages = {061502},
	Slaccitation = {%%CITATION = GR-QC/0703075;%%},
	Title = {{Binary black hole mergers: Large kicks for generic spin orientations}},
	Volume = 76,
	Year = {2007},
	Bdsk-Url-1 = {http://dx.doi.org/10.1103/PhysRevD.76.061502}}

@article{Blanchet:2001ax,
	Archiveprefix = {arXiv},
	Author = {Blanchet, Luc and Faye, Guillaume and Iyer, Bala R. and Joguet, Benoit},
	Date-Added = {2011-06-29 15:22:38 -0400},
	Date-Modified = {2011-06-29 15:22:39 -0400},
	Doi = {10.1103/PhysRevD.65.061501},
	Eprint = {gr-qc/0105099},
	Journal = {Phys. Rev.},
	Pages = {061501},
	Slaccitation = {%%CITATION = GR-QC/0105099;%%},
	Title = {{Gravitational-wave inspiral of compact binary systems to 7/2 post-Newtonian order}},
	Volume = {D65},
	Year = {2002},
	Bdsk-Url-1 = {http://dx.doi.org/10.1103/PhysRevD.65.061501}}

@article{Blanchet:2004ek,
	Archiveprefix = {arXiv},
	Author = {Blanchet, Luc and Damour, Thibault and Esposito-Farese, Gilles and Iyer, Bala R.},
	Date-Added = {2011-06-29 15:22:38 -0400},
	Date-Modified = {2011-06-29 15:22:39 -0400},
	Doi = {10.1103/PhysRevLett.93.091101},
	Eprint = {gr-qc/0406012},
	Journal = {Phys. Rev. Lett.},
	Pages = {091101},
	Slaccitation = {%%CITATION = GR-QC/0406012;%%},
	Title = {{Gravitational radiation from inspiralling compact binaries completed at the third post-Newtonian order}},
	Volume = {93},
	Year = {2004},
	Bdsk-Url-1 = {http://dx.doi.org/10.1103/PhysRevLett.93.091101}}

@article{Blanchet:1996pi,
	Archiveprefix = {arXiv},
	Author = {Blanchet, Luc and Iyer, Bala R. and Will, Clifford M. and Wiseman, Alan G.},
	Date-Added = {2011-06-29 15:22:38 -0400},
	Date-Modified = {2011-06-29 15:22:39 -0400},
	Doi = {10.1088/0264-9381/13/4/002},
	Eprint = {gr-qc/9602024},
	Journal = {Class. Quant. Grav.},
	Pages = {575-584},
	Slaccitation = {%%CITATION = GR-QC/9602024;%%},
	Title = {{Gravitational wave forms from inspiralling compact binaries to second-post-Newtonian order}},
	Volume = {13},
	Year = {1996},
	Bdsk-Url-1 = {http://dx.doi.org/10.1088/0264-9381/13/4/002}}

@article{Blanchet:1995ez,
	Archiveprefix = {arXiv},
	Author = {Blanchet, Luc and Damour, Thibault and Iyer, Bala R. and Will, Clifford M. and Wiseman, Alan. G.},
	Date-Added = {2011-06-29 15:22:38 -0400},
	Date-Modified = {2011-06-29 15:22:39 -0400},
	Doi = {10.1103/PhysRevLett.74.3515},
	Eprint = {gr-qc/9501027},
	Journal = {Phys. Rev. Lett.},
	Pages = {3515-3518},
	Slaccitation = {%%CITATION = GR-QC/9501027;%%},
	Title = {{Gravitational radiation damping of compact binary systems to second postNewtonian order}},
	Volume = {74},
	Year = {1995},
	Bdsk-Url-1 = {http://dx.doi.org/10.1103/PhysRevLett.74.3515}}

@article{Boyle:2009dg,
	Archiveprefix = {arXiv},
	Author = {Boyle, Michael and Brown, Duncan A. and Pekowsky, Larne},
	Date-Added = {2011-06-29 15:22:38 -0400},
	Date-Modified = {2011-06-29 15:22:39 -0400},
	Eprint = {0901.1628},
	Primaryclass = {gr-qc},
	Slaccitation = {%%CITATION = 0901.1628;%%},
	Title = {{Comparison of high-accuracy numerical simulations of black-hole binaries with stationary phase post-Newtonian template waveforms for Initial and Advanced LIGO}},
	Year = {2009}}

@article{Abbott:2009tt,
	Archiveprefix = {arXiv},
	Author = {Abbott, B and others},
	Collaboration = {LIGO Scientific},
	Date-Added = {2011-06-29 15:22:38 -0400},
	Date-Modified = {2011-06-29 15:22:39 -0400},
	Eprint = {0901.0302},
	Primaryclass = {gr-qc},
	Slaccitation = {%%CITATION = 0901.0302;%%},
	Title = {{Search for Gravitational Waves from Low Mass Binary Coalescences in the First Year of LIGO's S5 Data}},
	Year = {2009}}

@article{York:1998hy,
	Archiveprefix = {arXiv},
	Author = {York, James W. , Jr.},
	Date-Added = {2011-06-29 15:22:38 -0400},
	Date-Modified = {2011-06-29 15:22:39 -0400},
	Doi = {10.1103/PhysRevLett.82.1350},
	Eprint = {gr-qc/9810051},
	Journal = {Phys. Rev. Lett.},
	Pages = {1350-1353},
	Slaccitation = {%%CITATION = GR-QC/9810051;%%},
	Title = {{Conformal 'thin sandwich' data for the initial-value problem}},
	Volume = {82},
	Year = {1999},
	Bdsk-Url-1 = {http://dx.doi.org/10.1103/PhysRevLett.82.1350}}

@article{Hannam:2009hh,
	Archiveprefix = {arXiv},
	Author = {Hannam, Mark and others},
	Date-Added = {2011-06-29 15:22:38 -0400},
	Date-Modified = {2011-06-29 15:22:39 -0400},
	Eprint = {0901.2437},
	Primaryclass = {gr-qc},
	Slaccitation = {%%CITATION = 0901.2437;%%},
	Title = {{The Samurai Project: verifying the consistency of black- hole-binary waveforms for gravitational-wave detection}},
	Year = {2009}}

@article{Nakamura:1987zz,
	Author = {Nakamura, T. and Oohara, K. and Kojima, Y.},
	Date-Added = {2011-06-29 15:22:38 -0400},
	Date-Modified = {2011-06-29 15:22:39 -0400},
	Journal = {Prog. Theor. Phys. Suppl.},
	Pages = {1-218},
	Slaccitation = {%%CITATION = PTPSA,90,1;%%},
	Title = {{General Relativistic Collapse to Black Holes and Gravitational Waves from Black Holes}},
	Volume = {90},
	Year = {1987}}

@article{Campanelli:2007ew,
	Archiveprefix = {arXiv},
	Author = {Campanelli, Manuela and Lousto, Carlos O. and Zlochower, Yosef and Merritt, David},
	Date-Added = {2011-06-29 15:22:38 -0400},
	Date-Modified = {2011-06-29 15:22:39 -0400},
	Eprint = {gr-qc/0701164},
	Journal = {Astrophys. J.},
	Pages = {L5-L8},
	Slaccitation = {%%CITATION = GR-QC/0701164;%%},
	Title = {{Large Merger Recoils and Spin Flips From Generic Black- Hole Binaries}},
	Volume = {659},
	Year = {2007}}

@article{Gonzalez:2007hi,
	Archiveprefix = {arXiv},
	Author = {Gonzalez, J. A. and Hannam, M. D. and Sperhake, U. and Bruegmann, Bernd and Husa, S.},
	Date-Added = {2011-06-29 15:22:38 -0400},
	Date-Modified = {2011-06-29 15:22:39 -0400},
	Doi = {10.1103/PhysRevLett.98.231101},
	Eprint = {gr-qc/0702052},
	Journal = {Phys. Rev. Lett.},
	Pages = {231101},
	Slaccitation = {%%CITATION = GR-QC/0702052;%%},
	Title = {{Supermassive kicks for spinning black holes}},
	Volume = {98},
	Year = {2007},
	Bdsk-Url-1 = {http://dx.doi.org/10.1103/PhysRevLett.98.231101}}

@article{Campanelli:2007cga,
	Archiveprefix = {arXiv},
	Author = {Campanelli, Manuela and Lousto, Carlos O. and Zlochower, Yosef and Merritt, David},
	Date-Added = {2011-06-29 15:22:38 -0400},
	Date-Modified = {2011-06-29 15:22:39 -0400},
	Doi = {10.1103/PhysRevLett.98.231102},
	Eprint = {gr-qc/0702133},
	Journal = {Phys. Rev. Lett.},
	Pages = {231102},
	Slaccitation = {%%CITATION = GR-QC/0702133;%%},
	Title = {{Maximum gravitational recoil}},
	Volume = {98},
	Year = {2007},
	Bdsk-Url-1 = {http://dx.doi.org/10.1103/PhysRevLett.98.231102}}

@article{Herrmann:2007ex,
	Archiveprefix = {arXiv},
	Author = {Herrmann, Frank and Hinder, Ian and Shoemaker, Deirdre M. and Laguna, Pablo and Matzner, Richard A.},
	Date-Added = {2011-06-29 15:22:38 -0400},
	Date-Modified = {2011-06-29 15:22:39 -0400},
	Doi = {10.1103/PhysRevD.76.084032},
	Eprint = {0706.2541},
	Journal = {Phys. Rev. D},
	Pages = {084032},
	Primaryclass = {gr-qc},
	Slaccitation = {%%CITATION = 0706.2541;%%},
	Title = {{Binary Black Holes: Spin Dynamics and Gravitational Recoil}},
	Volume = 76,
	Year = {2007},
	Bdsk-Url-1 = {http://dx.doi.org/10.1103/PhysRevD.76.084032}}

@article{Schnittman:2007ij,
	Archiveprefix = {arXiv},
	Author = {Schnittman, Jeremy D. and others},
	Date-Added = {2011-06-29 15:22:38 -0400},
	Date-Modified = {2011-06-29 15:22:39 -0400},
	Doi = {10.1103/PhysRevD.77.044031},
	Eprint = {0707.0301},
	Journal = {Phys. Rev. D},
	Pages = {044031},
	Primaryclass = {gr-qc},
	Slaccitation = {%%CITATION = 0707.0301;%%},
	Title = {{Anatomy of the binary black hole recoil: A multipolar analysis}},
	Volume = 77,
	Year = {2008},
	Bdsk-Url-1 = {http://dx.doi.org/10.1103/PhysRevD.77.044031}}

@article{Lousto:2007db,
	Archiveprefix = {arXiv},
	Author = {Lousto, Carlos O. and Zlochower, Yosef},
	Date-Added = {2011-06-29 15:22:38 -0400},
	Date-Modified = {2011-06-29 15:22:39 -0400},
	Doi = {10.1103/PhysRevD.77.044028},
	Eprint = {0708.4048},
	Journal = {Phys. Rev. D},
	Pages = {044028},
	Primaryclass = {gr-qc},
	Slaccitation = {%%CITATION = 0708.4048;%%},
	Title = {{Further insight into gravitational recoil}},
	Volume = 77,
	Year = {2008},
	Bdsk-Url-1 = {http://dx.doi.org/10.1103/PhysRevD.77.044028}}

@article{Baker:2008md,
	Archiveprefix = {arXiv},
	Author = {Baker, John G. and others},
	Date-Added = {2011-06-29 15:22:38 -0400},
	Date-Modified = {2011-06-29 15:22:39 -0400},
	Eprint = {0802.0416},
	Journal = {Astrophys. J.},
	Pages = {L29},
	Primaryclass = {astro-ph},
	Slaccitation = {%%CITATION = 0802.0416;%%},
	Title = {{Modeling kicks from the merger of generic black-hole binaries}},
	Volume = {682},
	Year = {2008}}

@article{Dain:2008ck,
	Archiveprefix = {arXiv},
	Author = {Dain, Sergio and Lousto, Carlos O. and Zlochower, Yosef},
	Date-Added = {2011-06-29 15:22:38 -0400},
	Date-Modified = {2011-06-29 15:22:39 -0400},
	Doi = {10.1103/PhysRevD.78.024039},
	Eprint = {0803.0351},
	Journal = {Phys. Rev. D},
	Pages = {024039},
	Primaryclass = {gr-qc},
	Slaccitation = {%%CITATION = 0803.0351;%%},
	Title = {{Extra-Large Remnant Recoil Velocities and Spins from Near- Extremal-Bowen-York-Spin Black-Hole Binaries}},
	Volume = 78,
	Year = {2008},
	Bdsk-Url-1 = {http://dx.doi.org/10.1103/PhysRevD.78.024039}}

@unpublished{Healy:2008js,
	Archiveprefix = {arXiv},
	Author = {Healy, James and others},
	Date-Added = {2011-06-29 15:22:38 -0400},
	Date-Modified = {2011-06-29 15:22:39 -0400},
	Eprint = {0807.3292},
	Primaryclass = {gr-qc},
	Slaccitation = {%%CITATION = 0807.3292;%%},
	Title = {{Superkicks in Hyperbolic Encounters of Binary Black Holes}},
	Year = {2008}}

@unpublished{Gonzalez:2008bi,
	Archiveprefix = {arXiv},
	Author = {Gonzalez, Jose A. and Sperhake, Ulrich and Br\"{u}gmann, Bernd},
	Date-Added = {2011-06-29 15:22:38 -0400},
	Date-Modified = {2011-06-29 15:22:39 -0400},
	Eprint = {0811.3952},
	Primaryclass = {gr-qc},
	Slaccitation = {%%CITATION = 0811.3952;%%},
	Title = {{Black-hole binary simulations: the mass ratio 10:1}},
	Year = {2008}}

@article{Campanelli:2006fg,
	Archiveprefix = {arXiv},
	Author = {Campanelli, Manuela and Lousto, C. O. and Zlochower, Yosef},
	Date-Added = {2011-06-29 15:22:38 -0400},
	Date-Modified = {2011-06-29 15:22:39 -0400},
	Doi = {10.1103/PhysRevD.74.084023},
	Eprint = {astro-ph/0608275},
	Journal = {Phys. Rev. D},
	Pages = {084023},
	Slaccitation = {%%CITATION = ASTRO-PH/0608275;%%},
	Title = {{Spin-orbit interactions in black-hole binaries}},
	Volume = 74,
	Year = {2006},
	Bdsk-Url-1 = {http://dx.doi.org/10.1103/PhysRevD.74.084023}}

@article{Campanelli:2006fy,
	Archiveprefix = {arXiv},
	Author = {Campanelli, Manuela and Lousto, Carlos O. and Zlochower, Yosef and Krishnan, Badri and Merritt, David},
	Date-Added = {2011-06-29 15:22:38 -0400},
	Date-Modified = {2011-06-29 15:22:39 -0400},
	Doi = {10.1103/PhysRevD.75.064030},
	Eprint = {gr-qc/0612076},
	Journal = {Phys. Rev. D},
	Pages = {064030},
	Slaccitation = {%%CITATION = GR-QC/0612076;%%},
	Title = {{Spin Flips and Precession in Black-Hole-Binary Mergers}},
	Volume = 75,
	Year = {2007},
	Bdsk-Url-1 = {http://dx.doi.org/10.1103/PhysRevD.75.064030}}

@article{Rezzolla:2007xa,
	Archiveprefix = {arXiv},
	Author = {Rezzolla, Luciano and others},
	Date-Added = {2011-06-29 15:22:38 -0400},
	Date-Modified = {2011-06-29 15:22:39 -0400},
	Eprint = {0708.3999},
	Journal = {Astrophys. J.},
	Pages = {1422-1426},
	Primaryclass = {gr-qc},
	Slaccitation = {%%CITATION = 0708.3999;%%},
	Title = {{Spin Diagrams for Equal-Mass Black-Hole Binaries with Aligned Spins}},
	Volume = 679,
	Year = {2008}}

@article{Rezzolla:2007rd,
	Archiveprefix = {arXiv},
	Author = {Rezzolla, Luciano and others},
	Date-Added = {2011-06-29 15:22:38 -0400},
	Date-Modified = {2011-06-29 15:22:39 -0400},
	Eprint = {0710.3345},
	Journal = {Astrophys. J.},
	Pages = {L29-L32},
	Primaryclass = {gr-qc},
	Slaccitation = {%%CITATION = 0710.3345;%%},
	Title = {{The final spin from the coalescence of aligned-spin black- hole binaries}},
	Volume = {674},
	Year = {2008}}

@unpublished{Rezzolla:2008sd,
	Archiveprefix = {arXiv},
	Author = {Rezzolla, Luciano},
	Date-Added = {2011-06-29 15:22:38 -0400},
	Date-Modified = {2011-06-29 15:22:39 -0400},
	Eprint = {0812.2325},
	Primaryclass = {gr-qc},
	Slaccitation = {%%CITATION = 0812.2325;%%},
	Title = {{Modelling the final state from binary black-hole coalescences}},
	Year = {2008}}

@article{Sperhake:2007gu,
	Archiveprefix = {arXiv},
	Author = {Sperhake, Ulrich and others},
	Date-Added = {2011-06-29 15:22:38 -0400},
	Date-Modified = {2011-06-29 15:22:39 -0400},
	Doi = {10.1103/PhysRevD.78.064069},
	Eprint = {0710.3823},
	Journal = {Phys. Rev. D},
	Pages = {064069},
	Primaryclass = {gr-qc},
	Slaccitation = {%%CITATION = 0710.3823;%%},
	Title = {{Eccentric binary black-hole mergers: The transition from inspiral to plunge in general relativity}},
	Volume = 78,
	Year = {2008},
	Bdsk-Url-1 = {http://dx.doi.org/10.1103/PhysRevD.78.064069}}

@article{Nagar:2005ea,
	Author = {Nagar, Alessandro and Rezzolla, Luciano},
	Date-Added = {2011-06-29 15:22:38 -0400},
	Date-Modified = {2011-06-29 15:22:39 -0400},
	Eprint = {gr-qc/0502064},
	Journal = {Class. Quant. Grav.},
	Pages = {R167},
	Slaccitation = {%%CITATION = GR-QC/0502064;%%},
	Title = {Gauge-invariant non-spherical metric perturbations of {S}chwarzschild black-hole spacetimes},
	Volume = {22},
	Year = {2005}}

@article{Boyle:2007sz,
	Archiveprefix = {arXiv},
	Author = {Boyle, Latham and Kesden, Michael and Nissanke, Samaya},
	Date-Added = {2011-06-29 15:22:38 -0400},
	Date-Modified = {2011-06-29 15:22:39 -0400},
	Doi = {10.1103/PhysRevLett.100.151101},
	Eprint = {0709.0299},
	Journal = {Phys. Rev. Lett.},
	Pages = {151101},
	Primaryclass = {gr-qc},
	Slaccitation = {%%CITATION = 0709.0299;%%},
	Title = {{Binary black hole merger: symmetry and the spin expansion}},
	Volume = {100},
	Year = {2008},
	Bdsk-Url-1 = {http://dx.doi.org/10.1103/PhysRevLett.100.151101}}

@article{Boyle:2007ru,
	Archiveprefix = {arXiv},
	Author = {Boyle, Latham and Kesden, Michael},
	Date-Added = {2011-06-29 15:22:38 -0400},
	Date-Modified = {2011-06-29 15:22:39 -0400},
	Doi = {10.1103/PhysRevD.78.024017},
	Eprint = {0712.2819},
	Journal = {Phys. Rev.},
	Pages = {024017},
	Primaryclass = {astro-ph},
	Slaccitation = {%%CITATION = 0712.2819;%%},
	Title = {{The spin expansion for binary black hole merger: new predictions and future directions}},
	Volume = {D78},
	Year = {2008},
	Bdsk-Url-1 = {http://dx.doi.org/10.1103/PhysRevD.78.024017}}

@article{Gonzalez:2006md,
	Archiveprefix = {arXiv},
	Author = {Gonzalez, Jose A. and Sperhake, Ulrich and Bruegmann, Bernd and Hannam, Mark and Husa, Sascha},
	Date-Added = {2011-06-29 15:22:38 -0400},
	Date-Modified = {2011-06-29 15:22:39 -0400},
	Doi = {10.1103/PhysRevLett.98.091101},
	Eprint = {gr-qc/0610154},
	Journal = {Phys. Rev. Lett.},
	Pages = {091101},
	Slaccitation = {%%CITATION = GR-QC/0610154;%%},
	Title = {{Total recoil: the maximum kick from nonspinning black-hole binary inspiral}},
	Volume = {98},
	Year = {2007},
	Bdsk-Url-1 = {http://dx.doi.org/10.1103/PhysRevLett.98.091101}}

@article{Baker:2006vn,
	Archiveprefix = {arXiv},
	Author = {Baker, John G. and others},
	Date-Added = {2011-06-29 15:22:38 -0400},
	Date-Modified = {2011-06-29 15:22:39 -0400},
	Eprint = {astro-ph/0603204},
	Journal = {Astrophys. J.},
	Pages = {L93-L96},
	Slaccitation = {%%CITATION = ASTRO-PH/0603204;%%},
	Title = {{Getting a kick out of numerical relativity}},
	Volume = {653},
	Year = {2006}}

@article{Herrmann:2007ac,
	Archiveprefix = {arXiv},
	Author = {Herrmann, Frank and Hinder, Ian and Shoemaker, Deirdre and Laguna, Pablo and Matzner, Richard A.},
	Date-Added = {2011-06-29 15:22:38 -0400},
	Date-Modified = {2011-06-29 15:22:39 -0400},
	Eprint = {gr-qc/0701143},
	Journal = {Astrophys. J.},
	Pages = {430-436},
	Slaccitation = {%%CITATION = GR-QC/0701143;%%},
	Title = {{Gravitational recoil from spinning binary black hole mergers}},
	Volume = 661,
	Year = {2007}}

@article{Thornburg:2007hu,
	Archiveprefix = {arXiv},
	Author = {Thornburg, Jonathan and others},
	Date-Added = {2011-06-29 15:22:38 -0400},
	Date-Modified = {2011-06-29 15:22:39 -0400},
	Doi = {10.1088/0264-9381/24/15/009},
	Eprint = {gr-qc/0701038},
	Journal = {Class. Quant. Grav.},
	Pages = {3911-3918},
	Slaccitation = {%%CITATION = GR-QC/0701038;%%},
	Title = {{Are moving punctures equivalent to moving black holes?}},
	Volume = {24},
	Year = {2007},
	Bdsk-Url-1 = {http://dx.doi.org/10.1088/0264-9381/24/15/009}}

@article{Koppitz:2007ev,
	Archiveprefix = {arXiv},
	Author = {Koppitz, Michael and others},
	Date-Added = {2011-06-29 15:22:38 -0400},
	Date-Modified = {2011-06-29 15:22:39 -0400},
	Doi = {10.1103/PhysRevLett.99.041102},
	Eprint = {gr-qc/0701163},
	Journal = {Phys. Rev. Lett.},
	Pages = {041102},
	Slaccitation = {%%CITATION = GR-QC/0701163;%%},
	Title = {{Getting a kick from equal-mass binary black hole mergers}},
	Volume = {99},
	Year = {2007},
	Bdsk-Url-1 = {http://dx.doi.org/10.1103/PhysRevLett.99.041102}}

@article{Baker:2007gi,
	Author = {Baker, John G. and others},
	Date-Added = {2011-06-29 15:22:38 -0400},
	Date-Modified = {2011-06-29 15:22:39 -0400},
	Journal = {Astrophys. J.},
	Note = {astro-ph/0702390},
	Pages = {1140-1144},
	Slaccitation = {%%CITATION = ASTRO-PH/0702390;%%},
	Title = {Modeling kicks from the merger of non-precessing black-hole binaries},
	Volume = {668},
	Year = {2007}}

@article{Herrmann:2006ks,
	Archiveprefix = {arXiv},
	Author = {Herrmann, F. and Hinder, I. and Shoemaker, D. and Laguna, P.},
	Date-Added = {2011-06-29 15:22:38 -0400},
	Date-Modified = {2011-06-29 15:22:39 -0400},
	Eprint = {gr-qc/0601026},
	Journal = {Class. Quant. Grav.},
	Slaccitation = {%%CITATION = GR-QC/0601026;%%},
	Title = {{Unequal Mass Binary Black Hole Plunges and Gravitational Recoil}},
	Year = {2007}}

@article{Einstein:1916,
	Author = {Einstein, A.},
	Date-Added = {2011-06-29 15:22:38 -0400},
	Date-Modified = {2011-06-29 15:22:39 -0400},
	Journal = {Preuss. Akad. Weiss. Berlin},
	Pages = {688},
	Title = {{Approximative Integration of the Field Equations of Gravitation}},
	Year = 1916}

@article{MacNeice00,
	Author = {MacNeice, P. and Olson, K.M. and Mobarry, C. and de Fainchtein, R. and Packer, C.},
	Date-Added = {2011-06-29 15:22:38 -0400},
	Date-Modified = {2011-06-29 15:22:39 -0400},
	Format = {print},
	Journal = {Comput. Phys. Commun.},
	Keywords = {Numerical methods},
	Pages = {330--354},
	Title = {PARAMESH: A parallel adaptive mesh refinement community toolkit},
	Volume = {126},
	Year = {2000}}

@article{Huang:1998,
	Author = {Huang, N. E. and Shen, Z. and Long S. R. and Wu, M. C. and Shih, E. H. and Zheng, Q.},
	Date-Added = {2011-06-29 15:22:38 -0400},
	Date-Modified = {2011-06-29 15:22:39 -0400},
	Journal = {Proc. R. Soc. A},
	Pages = {903},
	Volume = {454},
	Year = {1998}}

@article{PhysRevD.71.129902,
	Author = {Blanchet, Luc and Faye, Guillaume and Iyer, Bala R. and Joguet, Benoit},
	Date-Added = {2011-06-29 15:22:38 -0400},
	Date-Modified = {2011-06-29 15:22:39 -0400},
	Doi = {10.1103/PhysRevD.71.129902},
	Journal = {Phys. Rev. D},
	Month = {Jun},
	Number = {12},
	Numpages = {2},
	Pages = {129902},
	Publisher = {American Physical Society},
	Title = {Erratum: Gravitational-wave inspiral of compact binary systems to $7/2$ post-Newtonian order [Phys. Rev. D 65, 061501(R) (2002)]},
	Volume = {71},
	Year = {2005},
	Bdsk-Url-1 = {http://dx.doi.org/10.1103/PhysRevD.71.129902}}

@inproceedings{Tsubono:2000if,
	Address = {Singapore},
	Author = {Tsubono, K.},
	Booktitle = {Rome 2000, Recent developments in theoretical and experimental general relativity, gravitation and relativistic field theories, Pt. A},
	Collaboration = {TAMA},
	Date-Added = {2011-06-29 15:22:38 -0400},
	Date-Modified = {2011-06-29 15:22:39 -0400},
	Editor = {V.G. Gurzadyan, R.T. Jantzen and R. Ruffini},
	Note = {Prepared for 9th Marcel Grossmann Meeting on Recent Developments in Theoretical and Experimental General Relativity, Gravitation and Relativistic Field Theories (MG 9), Rome, Italy, 2-9 Jul 2000},
	Pages = {145--154},
	Publisher = {World Scientific},
	Title = {{TAMA project}},
	Year = 2002}

@book{Wainstein:1962,
	Address = {Englewood Cliffs, NJ},
	Author = {L A Wainstein and V D Zubakov},
	Date-Added = {2011-06-29 15:22:38 -0400},
	Date-Modified = {2011-06-29 15:22:39 -0400},
	Publisher = {Prentice-Hall},
	Title = {Extraction of signals from noise},
	Year = {1962}}

@book{Helstrom:1968,
	Address = {London},
	Author = {C. W. Helmstrom},
	Date-Added = {2011-06-29 15:22:38 -0400},
	Date-Modified = {2011-06-29 15:22:39 -0400},
	Publisher = {Permagon},
	Title = {Statistical Theory of Signal Detection},
	Year = {1968}}

@book{Gustafsson95,
	Address = {New York},
	Author = {Bertil Gustafsson and Heinz-Otto Kreiss and Joseph Oliger},
	Date-Added = {2011-06-29 15:22:38 -0400},
	Date-Modified = {2011-06-29 15:22:39 -0400},
	Publisher = {Wiley},
	Title = {Time dependent problems and difference methods},
	Year = 1995}

@book{Kreiss73,
	Address = {Geneva},
	Author = {Heinz Otto Kreiss and Joseph Oliger},
	Date-Added = {2011-06-29 15:22:38 -0400},
	Date-Modified = {2011-06-29 15:22:39 -0400},
	Publisher = {GARP publication series No. 10},
	Title = {Methods for the approximate solution of time dependent problems},
	Year = 1973}

@book{Wald84,
	Address = {Chicago},
	Author = {Robert M. Wald},
	Date-Added = {2011-06-29 15:22:38 -0400},
	Date-Modified = {2011-06-29 15:22:39 -0400},
	Isbn = {0-226-87032-4 (hardcover), 0-226-87033-2 (paperback)},
	Key = {Wald84},
	Publisher = {The University of Chicago Press},
	Title = {General relativity},
	Year = 1984}

@incollection{thorne.k:1987,
	Address = {Cambridge},
	Author = {K S Thorne},
	Booktitle = {Three hundred years of gravitation},
	Chapter = {9},
	Date-Added = {2011-06-29 15:22:38 -0400},
	Date-Modified = {2011-06-29 15:22:39 -0400},
	Editor = {S. W. Hawking and W. Israel},
	Pages = {330--458},
	Publisher = {Cambridge University Press},
	Title = {Gravitational radiation},
	Year = {1987}}

@inproceedings{York1979,
	Author = {York, Jr., J. W.},
	Booktitle = {Sources of {G}ravitational {R}adiation},
	Date-Added = {2011-06-29 15:22:38 -0400},
	Date-Modified = {2011-06-29 15:22:39 -0400},
	Editor = {Smarr, L.},
	Pages = {83-126},
	Publisher = {Cambridge University Press, Cambridge},
	Title = {Kinematics and dynamics of general relativity},
	Year = {1979}}

@inproceedings{Goodale02a,
	Address = {Berlin},
	Author = {T. Goodale and G. Allen and G. Lanfermann and J. Mass{\'o} and T. Radke and E. Seidel and J. Shalf},
	Booktitle = {Vector and Parallel Processing -- VECPAR'2002, 5th International Conference, Lecture Notes in Computer Science},
	Date-Added = {2011-06-29 15:22:38 -0400},
	Date-Modified = {2011-06-29 15:22:39 -0400},
	Publisher = {Springer},
	Title = {The {C}actus Framework and Toolkit: Design and Applications},
	Year = 2003}

@inproceedings{Skilling:2004,
	Author = {Skilling, J.},
	Booktitle = {24th International Workshop on Bayesian Inference and Maximum Entropy Methods in Science and Engineering},
	Date-Added = {2011-06-29 15:22:38 -0400},
	Date-Modified = {2011-06-29 15:22:39 -0400},
	Pages = {395-405},
	Publisher = {AIP, New York},
	Year = {2004}}

@inproceedings{Arnowitt1962,
	Author = {Arnowitt, R. and Deser, S. and Misner, C. W.},
	Booktitle = {Gravitation an introduction to current research},
	Date-Added = {2011-06-29 15:22:38 -0400},
	Date-Modified = {2011-06-29 15:22:39 -0400},
	Editor = {Witten, L.},
	Note = {gr-qc/0405109},
	Pages = {227-265},
	Publisher = {John Wiley, New York},
	Title = {The dynamics of general relativity},
	Year = {1962}}

@misc{lal,
	Date-Added = {2011-06-29 15:22:38 -0400},
	Date-Modified = {2011-06-29 15:22:39 -0400},
	Title = {LSC Algorithm Library},
	Url = {http://www.lsc-group.phys.uwm.edu/lal},
	Bdsk-Url-1 = {http://www.lsc-group.phys.uwm.edu/lal}}

@misc{carpet,
	Author = {Erik Schnetter},
	Date-Added = {2011-06-29 15:22:38 -0400},
	Date-Modified = {2011-06-29 15:22:39 -0400},
	Title = {Carpet: A Mesh Refinement driver for Cactus},
	Url = {http://www.carpetcode.org/},
	Bdsk-Url-1 = {http://www.carpetcode.org/}}

@misc{cactus,
	Date-Added = {2011-06-29 15:22:38 -0400},
	Date-Modified = {2011-06-29 15:22:39 -0400},
	Title = {Cactus Computational Toolkit},
	Url = {http://www.cactuscode.org/},
	Bdsk-Url-1 = {http://www.cactuscode.org/}}

@misc{Pfeiffer_data,
	Date-Added = {2011-06-29 15:22:38 -0400},
	Date-Modified = {2011-06-29 15:22:39 -0400},
	Title = {Cook-Pfeiffer initial data},
	Url = {http://www.black-holes.org/~harald/PublicID/Nonspinning/BBH_QuasiEquilibrium_Nonspinning_59a_10.00.tgz},
	Bdsk-Url-1 = {http://www.black-holes.org/~harald/PublicID/Nonspinning/BBH_QuasiEquilibrium_Nonspinning_59a_10.00.tgz}}

@misc{Lorene,
	Date-Added = {2011-06-29 15:22:38 -0400},
	Date-Modified = {2011-06-29 15:22:39 -0400},
	Note = {{\tt http://www.lorene.obspm.fr/}}}

@mastersthesis{Rodriguez:2007,
	Author = {Rodr\'iguez, Andres},
	Date-Added = {2011-06-29 15:22:38 -0400},
	Date-Modified = {2011-06-29 15:22:39 -0400},
	School = {Louisiana State University},
	Title = {Reducing false alarms in searches for gravitational waves from coalescing binary systems},
	Url = {http://www.ligo.caltech.edu/docs/P/P070056-00.pdf},
	Year = {2007},
	Bdsk-Url-1 = {http://www.ligo.caltech.edu/docs/P/P070056-00.pdf}}

@phdthesis{Brown:2004,
	Author = {Brown, Duncan A},
	Date-Added = {2011-06-29 15:22:38 -0400},
	Date-Modified = {2011-06-29 15:22:39 -0400},
	School = {University of Wisconsin--Milwaukee},
	Title = {Search for gravitational radiation from black hole {MACHOs} in the {G}alactic halo},
	Year = {2004}}

@phdthesis{Chatterji:2005,
	Author = {Chatterji, Shourov K.},
	Date-Added = {2011-06-29 15:22:38 -0400},
	Date-Modified = {2011-06-29 15:22:39 -0400},
	School = {MIT},
	Title = {The search for gravitational-wave bursts in data from the second LIGO science run},
	Year = {2005}}

@phdthesis{Goggin:2008,
	Author = {Goggin, L. M.},
	Date-Added = {2011-06-29 15:22:38 -0400},
	Date-Modified = {2011-06-29 15:22:39 -0400},
	School = {Caltech},
	Title = {A search for gravitational waves from perturbed black hole ringdowns in LIGO data},
	Year = {2008}}

@techreport{LIGOS3S4Tuning,
	Adsurl = {http://www.ligo.caltech.edu/docs/T/T070109-01.pdf},
	Author = {{The {LIGO} Scientific Collaboration}},
	Date-Added = {2011-06-29 15:22:38 -0400},
	Date-Modified = {2011-06-29 15:22:39 -0400},
	Institution = {{LIGO} Project},
	Number = {{LIGO}-T070109-01},
	Title = {Tuning matched filter searches for compact binary coalescence},
	Url = {http://www.ligo.caltech.edu/docs/T/T070109-01.pdf},
	Year = 2007,
	Bdsk-Url-1 = {http://www.ligo.caltech.edu/docs/T/T070109-01.pdf}}

@misc{Stroeer:2008,
	Author = {Stroeer, A. and Camp, J and Cannizzo, J. and Gagarin, N.},
	Date-Added = {2011-06-29 15:22:38 -0400},
	Date-Modified = {2011-06-29 15:22:39 -0400},
	Note = {In preparation},
	Year = 2008}

@misc{hht:astroeer2008,
	Author = {Stroeer, A. and Camp, J.},
	Date-Added = {2011-06-29 15:22:38 -0400},
	Date-Modified = {2011-06-29 15:22:39 -0400},
	Note = {NRDA proceedings, in preparation, to appear in same volume},
	Year = 2008}

@misc{LSCburstS5y1,
	Author = {LSC},
	Date-Added = {2011-06-29 15:22:38 -0400},
	Date-Modified = {2011-06-29 15:22:39 -0400},
	Note = {In preparation},
	Title = {{Burst analysis in the 5th science run (descriptive title)}},
	Year = 2009}

@article{VanDenBroeck:2009,
	Author = {Van Den Broeck, C and others},
	Date-Added = {2011-06-29 15:22:38 -0400},
	Date-Modified = {2011-06-29 15:22:39 -0400},
	Note = {In preparation},
	Title = {Template banks to search for compact binaries with spinning components in gravitational wave data},
	Year = {2009}}

@article{Farr:2009,
	Author = {Farr, Ben and Fairhurst, Stephen and Sathyaprakash, Bangalore},
	Date-Added = {2011-06-29 15:22:38 -0400},
	Date-Modified = {2011-06-29 15:22:39 -0400},
	Note = {In preparation},
	Title = {{Searching for binary coalescences with inspiral templates: Detection and parameter estimation}},
	Year = {2009}}

@article{Welch:1967,
	Author = {Welch, P. D.},
	Date-Added = {2011-06-29 15:22:38 -0400},
	Date-Modified = {2011-06-29 15:22:39 -0400},
	Journal = {IEEE Trans. Audio Electroacoust.},
	Pages = {70-73},
	Title = {The Use of Fast Fourier Transform for the Estimation of Power Spectra: A Method Based on Time Averaging Over Short, Modified Periodograms},
	Volume = {15},
	Year = {1967}}

@article{Finn:1992wt,
	Author = {Finn, Lee S.},
	Date-Added = {2011-06-29 15:22:38 -0400},
	Date-Modified = {2011-06-29 15:22:39 -0400},
	Eprint = {gr-qc/9209010},
	Journal = {Phys. Rev.},
	Pages = {5236-5249},
	Slaccitation = {%%CITATION = GR-QC 9209010;%%},
	Title = {Detection, measurement and gravitational radiation},
	Volume = {D46},
	Year = {1992}}

@article{Finn:1992xs,
	Author = {Finn, Lee Samuel and Chernoff, David F.},
	Date-Added = {2011-06-29 15:22:38 -0400},
	Date-Modified = {2011-06-29 15:22:39 -0400},
	Eprint = {gr-qc/9301003},
	Journal = {Phys. Rev.},
	Pages = {2198-2219},
	Slaccitation = {%%CITATION = GR-QC 9301003;%%},
	Title = {Observing binary inspiral in gravitational radiation: One interferometer},
	Volume = {D47},
	Year = {1993}}

@incollection{Finn:2001js,
	Address = {Melville, N.Y.},
	Author = {Finn, Lee Samuel},
	Booktitle = {Astrophysical Sources For Ground-Based Gravitational Wave Dectectors},
	Date-Added = {2011-06-29 15:22:38 -0400},
	Date-Modified = {2011-06-29 15:22:39 -0400},
	Editor = {Joan M. Centrella},
	Eprint = {gr-qc/0104042},
	Publisher = {Amer. Inst. Phys.},
	Slaccitation = {%%CITATION = GR-QC 0104042;%%},
	Title = {LIGO's 'science reach'},
	Year = {2001}}

@article{Abramovici:1992ah,
	Author = {Alex Abramovici and others},
	Date-Added = {2011-06-29 15:22:38 -0400},
	Date-Modified = {2011-06-29 15:22:39 -0400},
	Journal = science,
	Pages = 325,
	Title = {{LIGO}: The Laser interferometer gravitational wave observatory},
	Volume = 256,
	Year = 1992}

@article{Allen:1999yt,
	Author = {B. Allen and others},
	Date-Added = {2011-06-29 15:22:38 -0400},
	Date-Modified = {2011-06-29 15:22:39 -0400},
	Journal = prl,
	Pages = 1498,
	Title = {Observational Limit on Gravitational Waves from Binary Neutron Stars in the Galaxy},
	Volume = 83,
	Year = 1999}

@article{Droz:1998,
	Author = {Droz, Serge},
	Date-Added = {2011-06-29 15:22:38 -0400},
	Date-Modified = {2011-06-29 15:22:39 -0400},
	Journal = prd,
	Pages = 064030,
	Title = {Gravitational waves from inspiraling compact binaries: Second post-Newtonian wave forms as search templates. II},
	Volume = 59,
	Year = 1999}

@article{Droz:1997,
	Author = {Droz, Serge and Poisson, Eric},
	Date-Added = {2011-06-29 15:22:38 -0400},
	Date-Modified = {2011-06-29 15:22:39 -0400},
	Journal = prd,
	Pages = 4449,
	Title = {Gravitational waves from inspiraling compact binaries: Second post-Newtonian wave forms as search templates},
	Volume = 56,
	Year = 1997}

@article{Acernese:2002,
	Author = {F Acernese and others},
	Date-Added = {2011-06-29 15:22:38 -0400},
	Date-Modified = {2011-06-29 15:22:39 -0400},
	Journal = cqg,
	Pages = 1421,
	Title = {The present status of the VIRGO Central Interferometer},
	Volume = 19,
	Year = 2002}

@techreport{Anderson:2001,
	Author = {Warren G. Anderson and John T. Whelan and Patrick R. Brady and Jolien D. E. Creighton and David Chin and Keith Riles},
	Date-Added = {2011-06-29 15:22:38 -0400},
	Date-Modified = {2011-06-29 15:22:39 -0400},
	Institution = {LIGO Project},
	Number = {LIGO-T010110-00-Z},
	Title = {Beam Pattern Response Functions and Times of Arrival for Earthbound Interferometers},
	Url = {http://www.ligo.caltech.edu/docs/T/T010110-00.pdf},
	Year = 2001,
	Bdsk-Url-1 = {http://www.ligo.caltech.edu/docs/T/T010110-00.pdf}}

@article{BradyCreighton:2003bcfw,
	Author = {Brady, Patrick R. and Creighton, Jolien D. E. and Finn, Lee S. and Wiseman, Alan G.},
	Date-Added = {2011-06-29 15:22:38 -0400},
	Date-Modified = {2011-06-29 15:22:39 -0400},
	Note = {to be submitted to Phys. Rev. D.},
	Number = {LIGO-T030053-00-Z},
	Title = {Upper limits on the rate of burst sources of gravitational waves},
	Year = 2003}

@techreport{Allen:1996,
	Author = {Bruce Allen},
	Date-Added = {2011-06-29 15:22:38 -0400},
	Date-Modified = {2011-06-29 15:22:39 -0400},
	Institution = {LIGO Project},
	Number = {LIGO-T960189-00-Z},
	Title = {LIGO Calibration Accuracy},
	Url = {http://www.ligo.caltech.edu/docs/T/T960189-00.pdf},
	Year = 1996,
	Bdsk-Url-1 = {http://www.ligo.caltech.edu/docs/T/T960189-00.pdf}}

@article{Barish:1999,
	Author = {Barish, B. C. and Weiss, R.},
	Date-Added = {2011-06-29 15:22:38 -0400},
	Date-Modified = {2011-06-29 15:22:39 -0400},
	Journal = {Phys.\ Today},
	Number = 10,
	Pages = {44--50},
	Title = {LIGO and the Detection of Gravitational Waves},
	Volume = {52 (Oct)},
	Year = 1999}

@article{Nakamura:1997sm,
	Author = {Nakamura, Takashi and Sasaki, Misao and Tanaka, Takahiro and Thorne, Kip S.},
	Date-Added = {2011-06-29 15:22:38 -0400},
	Date-Modified = {2011-06-29 15:22:39 -0400},
	Journal = apj,
	Pages = {L139},
	Title = {Gravitational waves from coalescing black hole MACHO binaries},
	Volume = 487,
	Year = 1997}

@article{Finn:1996dd,
	Author = {Finn, Lee Samuel},
	Date-Added = {2011-06-29 15:22:38 -0400},
	Date-Modified = {2011-06-29 15:22:39 -0400},
	Eprint = {gr-qc/9609027},
	Slaccitation = {%%CITATION = GR-QC 9609027;%%},
	Title = {Gravitational radiation sources for acoustic detectors},
	Year = {1996}}

@book{MTW73,
	Address = {New York, NY},
	Author = {C W Misner and K S Thorne and J A Wheeler},
	Date-Added = {2011-06-29 15:22:38 -0400},
	Date-Modified = {2011-06-29 15:22:39 -0400},
	Publisher = {W.H. Freeman},
	Title = {Gravitation},
	Year = {1973}}

@book{Wald:1984,
	Address = {Chicago, IL},
	Author = {R M Wald},
	Date-Added = {2011-06-29 15:22:38 -0400},
	Date-Modified = {2011-06-29 15:22:39 -0400},
	Publisher = {University of Chicago Press},
	Title = {General Relativity},
	Year = {1984}}

@incollection{Thorne:1982cv,
	Address = {Amsterdam},
	Author = {Thorne, K. S.},
	Booktitle = {Gravitational Radiation},
	Date-Added = {2011-06-29 15:22:38 -0400},
	Date-Modified = {2011-06-29 15:22:39 -0400},
	Editor = {N. Deruelle and T. Piran},
	Pages = {1--57},
	Publisher = {North Holland},
	Title = {The Theory of Gravitational Radiation: An Introductory Review},
	Year = {1983}}

@article{Thorsett:1998uc,
	Author = {Thorsett, S. E. and Chakrabarty, Deepto},
	Date-Added = {2011-06-29 15:22:38 -0400},
	Date-Modified = {2011-06-29 15:22:39 -0400},
	Journal = {Astrophys. J.},
	Pages = {288},
	Slaccitation = {%%CITATION = ASTRO-PH 9803260;%%},
	Title = {Neutron Star Mass Measurements. I. Radio Pulsars},
	Volume = {512},
	Year = {1999}}

@incollection{weisberg:2002,
	Author = {Weisberg, J. M. and Taylor, J. H.},
	Booktitle = {Radio Pulsars},
	Date-Added = {2011-06-29 15:22:38 -0400},
	Date-Modified = {2011-06-29 15:22:39 -0400},
	Editor = {M. Bailes and D. J. Nice and S.E. Thorsett},
	Publisher = {ASP. Conf. Series},
	Title = {The Relativistic Binary Pulsar B1913+16},
	Year = {2003}}

@article{Belczynski:2002,
	Author = {Krzysztof Belczynski and Vassiliki Kalogera and Tomasz Bulik},
	Date-Added = {2011-06-29 15:22:38 -0400},
	Date-Modified = {2011-06-29 15:22:39 -0400},
	Journal = apj,
	Pages = 407,
	Title = {A Comprehensive Study of Binary Compact Objects as Gravitational Wave Sources: Evolutionary Channels, Rates, and Physical Properties},
	Volume = 572,
	Year = 2002}

@incollection{Cutler:2001,
	Address = {Singapore},
	Author = {Curt Cutler and Kip S. Thorne},
	Booktitle = {Proceedings of GR16},
	Date-Added = {2011-06-29 15:22:38 -0400},
	Date-Modified = {2011-06-29 15:22:39 -0400},
	Editor = {Nigel T. Bishop and Sunil D. Maharaj},
	Eprint = {gr-qc/0204090},
	Publisher = {WorldScientific},
	Title = {An Overview of Gravitational-Wave Sources},
	Year = {2002}}

@article{Damour:2000zb,
	Author = {Damour, Thibault and Iyer, Bala R. and Sathyaprakash, B. S.},
	Date-Added = {2011-06-29 15:22:38 -0400},
	Date-Modified = {2011-06-29 15:22:39 -0400},
	Journal = prd,
	Pages = 044023,
	Title = {A comparison of search templates for gravitational waves from binary inspiral},
	Volume = 63,
	Year = 2001}

@techreport{IULReport:2002,
	Author = {Bruce Allen and Russ Bainer and Kent Blackburn and Sukanta Bose and Patrick Brady and Duncan Brown and Jordan Camp and Vijay Chickarmane and Nelson Christensen and David Churches and Jolien Creighton and Teviet Creighton and S.V. Dhurandhar and Carl Ebeling and Valera Frolov and Gabriela Gonzalez and Andri M. Gretarsson and Gregg Harry and Vicky Kalogera and Joe Kovalik and Nergis Mavalvala and Adrian Ottewill and Benjamin J. Owen and Brian O Reilly and Tom Prince and David Reitze and Anthony Rizzi and David Robertson and B.S. Sathyaprakash and Peter Shawhan and Julien Sylvestre and Massimo Tinto and Linqing Wen and Benno Willke and Alan Wiseman and Natalia Zotov},
	Collaboration = {Inspiral Working Group},
	Date-Added = {2011-06-29 15:22:38 -0400},
	Date-Modified = {2011-06-29 15:22:39 -0400},
	Number = {LIGO-T030054-00-Z},
	Url = {http://www.ligo.caltech.edu/docs/T/T030054-00.pdf},
	Year = 2002,
	Bdsk-Url-1 = {http://www.ligo.caltech.edu/docs/T/T030054-00.pdf}}

@article{Kalogera:2000dz,
	Author = {Kalogera, V. and Narayan, R. and Spergel, D. N. and Taylor, J. H.},
	Date-Added = {2011-06-29 15:22:38 -0400},
	Date-Modified = {2011-06-29 15:22:39 -0400},
	Journal = apj,
	Pages = 340,
	Title = {The Coalescence Rate of Double Neutron Star Systems},
	Volume = 556,
	Year = 2001}

@article{Kim:2002uw,
	Author = {Kim, C. and Kalogera, V. and Lorimer, D. R.},
	Date-Added = {2011-06-29 15:22:38 -0400},
	Date-Modified = {2011-06-29 15:22:39 -0400},
	Journal = apj,
	Pages = 985,
	Title = {The Probability Distribution of Binary Pulsar Coalescence Rates. I. Double Neutron Star Systems in the Galactic Field},
	Volume = 584,
	Year = 2003}

@article{Luck:1997hv,
	Author = {H. L{\"u}ck and the GEO600 team},
	Collaboration = {GEO},
	Date-Added = {2011-06-29 15:22:38 -0400},
	Date-Modified = {2011-06-29 15:22:39 -0400},
	Journal = cqg,
	Pages = 1471,
	Title = {The {GEO600} project},
	Volume = 14,
	Year = 1997}

@unpublished{Nutzman:2003,
	Author = {P. Nutzman and V. Kalogera and L. S. Finn and C. Hendricksen and K. Belczynski},
	Date-Added = {2011-06-29 15:22:38 -0400},
	Date-Modified = {2011-06-29 15:22:39 -0400},
	Note = {submitted to Astrophys. J.},
	Year = 2003}

@article{GrandclementKalogera:2003,
	Author = {P. Grandclement and V. Kalogera},
	Date-Added = {2011-06-29 15:22:38 -0400},
	Date-Modified = {2011-06-29 15:22:39 -0400},
	Eprint = {gr-qc/0211075},
	Journal = {Phys. Rev.},
	Pages = {082002},
	Title = {Searching for Gravitational Waves from the Inspiral of Precessing Binary Systems: New Hierarchical Scheme using ``Spiky'' Templates},
	Volume = {D67},
	Year = {2003}}

@article{Apostolatos:1994,
	Author = {Apostolatos, Theocharis A. and Cutler, Curt and Sussman, Gerald J. and Thorne, Kip S.},
	Date-Added = {2011-06-29 15:22:38 -0400},
	Date-Modified = {2011-06-29 15:22:39 -0400},
	Journal = prd,
	Pages = 6274,
	Title = {Spin-induced orbital precession and its modulation of the gravitational waveforms from merging binaries},
	Volume = 49,
	Year = 1994}

@article{Apostolatos:1995,
	Author = {Apostolatos, T. A.},
	Date-Added = {2011-06-29 15:22:38 -0400},
	Date-Modified = {2011-06-29 15:22:39 -0400},
	Journal = prd,
	Pages = 605,
	Title = {Search templates for gravitational waves from precessing, inspiraling binaries},
	Volume = 52,
	Year = 1995}

@article{Apostolatos:1996rg,
	Author = {Apostolatos, Theocharis A.},
	Date-Added = {2011-06-29 15:22:38 -0400},
	Date-Modified = {2011-06-29 15:22:39 -0400},
	Journal = {Phys. Rev.},
	Pages = {2438-2441},
	Slaccitation = {%%CITATION = PHRVA,D54,2438;%%},
	Title = {The Influence of spin-spin coupling on inspiraling compact binaries with M1 = M2 and S1 = S2},
	Volume = {D54},
	Year = {1996}}

@article{Cutler:1994,
	Author = {Cutler C and Flanagan E},
	Date-Added = {2011-06-29 15:22:38 -0400},
	Date-Modified = {2011-06-29 15:22:39 -0400},
	Journal = prd,
	Pages = 2658,
	Title = {Gravitational Waves from Mergin Compact Binaries: How Accurately Can One Extract the Binary's Parameters from the Inspiral Waveform?},
	Volume = 49,
	Year = 1994}

@article{WillWiseman:1996,
	Author = {Will, Clifford M. and Wiseman, Alan G.},
	Date-Added = {2011-06-29 15:22:38 -0400},
	Date-Modified = {2011-06-29 15:22:39 -0400},
	Journal = prd,
	Pages = {4813-4848},
	Title = {Gravitational radiation from compact binary systems: Gravitational waveforms and energy loss to second post-Newtonian order},
	Volume = {54},
	Year = {1996}}

@article{GrandclementKalogeraVecchio:2003,
	Author = {P. Grandclement and V. Kalogera and A. Vecchio},
	Date-Added = {2011-06-29 15:22:38 -0400},
	Date-Modified = {2011-06-29 15:22:39 -0400},
	Journal = prd,
	Pages = 042003,
	Title = {Searching for gravitational waves from the inspiral of precessing binary systems: Problems with current waveforms},
	Volume = 67,
	Year = 2003}

@article{Kalogera:2000,
	Author = {V. Kalogera},
	Date-Added = {2011-06-29 15:22:38 -0400},
	Date-Modified = {2011-06-29 15:22:39 -0400},
	Journal = apj,
	Pages = 042003,
	Title = {Spin-Orbit Misalignment in Close Binaries with Two Compact Objects},
	Volume = 541,
	Year = 2000}

@article{Owen:1998dk,
	Author = {Benjamin J. Owen and B. S. Sathyaprakash},
	Date-Added = {2011-06-29 15:22:38 -0400},
	Date-Modified = {2011-06-29 15:22:39 -0400},
	Journal = prd,
	Pages = 022002,
	Title = {Matched filtering of gravitational waves from inspiraling compact binaries: Computational cost and template placement},
	Volume = 60,
	Year = 1999}

@article{Finn:2000hj,
	Author = {Finn, Lee Samuel},
	Date-Added = {2011-06-29 15:22:38 -0400},
	Date-Modified = {2011-06-29 15:22:39 -0400},
	Journal = {Phys. Rev.},
	Pages = {102001},
	Slaccitation = {%%CITATION = GR-QC 0010033;%%},
	Title = {Aperture synthesis for gravitational-wave data analysis: Deterministic sources},
	Volume = {D63},
	Year = {2001}}

@article{Pai:2000zt,
	Author = {Pai, Archana and Dhurandhar, Sanjeev and Bose, Sukanta},
	Date-Added = {2011-06-29 15:22:38 -0400},
	Date-Modified = {2011-06-29 15:22:39 -0400},
	Journal = prd,
	Pages = 042004,
	Title = {A data-analysis strategy for detecting gravitational-wave signals from inspiraling compact binaries with a network of laser-interferometric detectors},
	Volume = 64,
	Year = 2001}

@article{Phinney:1991ei,
	Author = {E. S. Phinney},
	Date-Added = {2011-06-29 15:22:38 -0400},
	Date-Modified = {2011-06-29 15:22:39 -0400},
	Journal = apj,
	Pages = {L17},
	Title = {The Rate of neutron star binary mergers in the universe: Minimal predictions for gravity wave detector},
	Volume = 380,
	Year = 1991}

@article{PortegiesZwart:2000,
	Author = {{Portegies Zwart}, S. F. and McMillan, S. L. W.},
	Date-Added = {2011-06-29 15:22:38 -0400},
	Date-Modified = {2011-06-29 15:22:39 -0400},
	Journal = apj,
	Pages = {L17},
	Title = {Black Hole Mergers in the Universe},
	Volume = 528,
	Year = 2000}

@article{Tagoshi:2000bz,
	Author = {Hideyuki Tagoshi and others},
	Collaboration = {TAMA},
	Date-Added = {2011-06-29 15:22:38 -0400},
	Date-Modified = {2011-06-29 15:22:39 -0400},
	Journal = prd,
	Pages = 062001,
	Title = {The first search for gravitational waves from inspiraling compact binaries using {TAMA300} data},
	Volume = 63,
	Year = 2001}

@article{igec:2003,
	Author = {P. Astone and others},
	Collaboration = {International Gravitational Event Collaboration},
	Date-Added = {2011-06-29 15:22:38 -0400},
	Date-Modified = {2011-06-29 15:22:39 -0400},
	Eprint = {astro-ph/0302482},
	Journal = prd,
	Pages = 022001,
	Slaccitation = {%%CITATION = ASTRO-PH 0302482;%%},
	Title = {Methods and results of the IGEC search for burst gravitational waves in the years 1997-2000},
	Volume = 68,
	Year = {2003}}

@article{Allen:2000bg,
	Author = {{Allen}, Z.~A. and others},
	Collaboration = {International Gravitational Event Collaboration},
	Date-Added = {2011-06-29 15:22:38 -0400},
	Date-Modified = {2011-06-29 15:22:39 -0400},
	Journal = prl,
	Pages = 5046,
	Title = {First search for gravitational wave bursts with a network of detectors},
	Volume = 85,
	Year = 2000}

@article{Yasuda:2001,
	Author = {N. Yasuda and M. Fukugita and V. K. Narayanan and R. H. Lupton and I. Strateva and M. A. Strauss and {\v Z}. Ivezi{\'c} and R. S. J. Kim and D. W. Hogg and D. H. Weinberg and K. Shimasaku and J. Loveday and J. Annis and N. A. Bahcall and M. Blanton and J. Brinkmann and R. J. Brunner and A. J. Connolly and I. Csabai and M. Doi and M. Hamabe and S. Ichikawa and T. Ichikawa and D. E. Johnston and G. R. Knapp and P. Z. Kunszt and D. Q. Lamb and T. A. McKay and J. A. Munn and R. C. Nichol and S. Okamura and D. P. Schneider and G. P. Szokoly and M. S. Vogeley and M. Watanabe and D. G. York},
	Date-Added = {2011-06-29 15:22:38 -0400},
	Date-Modified = {2011-06-29 15:22:39 -0400},
	Journal = aj,
	Pages = 1104,
	Title = {Galaxy Number Counts from the Sloan Digital Sky Survey Commissioning Data},
	Volume = 122,
	Year = 2001}

@misc{Companion,
	Author = {LIGO Science Collaboration},
	Date-Added = {2011-06-29 15:22:38 -0400},
	Date-Modified = {2011-06-29 15:22:39 -0400},
	Note = {in preparation},
	Title = {Massive Binary systems},
	Year = 2003}

@article{Damour:1998zb,
	Author = {Damour, Thibault and Iyer, Bala R. and Sathyaprakash, B. S.},
	Date-Added = {2011-06-29 15:22:38 -0400},
	Date-Modified = {2011-06-29 15:22:39 -0400},
	Journal = prd,
	Pages = 885,
	Title = {Improved filters for detecting gravitational waves from inspiralling compact binaries},
	Volume = 57,
	Year = 1998}

@article{BuonannoDamour:1999,
	Author = {Buonanno, Alessandra and Damour, Thibault},
	Date-Added = {2011-06-29 15:22:38 -0400},
	Date-Modified = {2011-06-29 15:22:39 -0400},
	Journal = prd,
	Pages = 084006,
	Title = {Effective one-body approach to general relativistic two-body dynamics},
	Volume = 59,
	Year = 1999}

@article{Hulse:1994,
	Author = {Hulse, R. A.},
	Date-Added = {2011-06-29 15:22:38 -0400},
	Date-Modified = {2011-06-29 15:22:39 -0400},
	Journal = rmp,
	Pages = 699,
	Title = {Nobel Lecture: The discovery of the binary pulsar},
	Volume = 66,
	Year = 1994}

@article{1975ApJ...195L..51H,
	Adsnote = {Provided by the NASA Astrophysics Data System},
	Adsurl = {http://adsabs.harvard.edu/cgi-bin/nph-bib_query?bibcode=1975ApJ...195L..51H&amp;db_key=AST},
	Author = {{Hulse}, R.~A. and {Taylor}, J.~H.},
	Date-Added = {2011-06-29 15:22:38 -0400},
	Date-Modified = {2011-06-29 15:22:39 -0400},
	Journal = {\apjl},
	Month = jan,
	Pages = {L51-L53},
	Title = {{Discovery of a pulsar in a binary system}},
	Volume = 195,
	Year = 1975}

@article{Taylor:1994,
	Author = {Taylor, J. H.},
	Date-Added = {2011-06-29 15:22:38 -0400},
	Date-Modified = {2011-06-29 15:22:39 -0400},
	Journal = rmp,
	Pages = 711,
	Title = {Nobel Lecture: Binary pulsars and relativistic gravity},
	Volume = 66,
	Year = 1994}

@article{Taylor:1982,
	Author = {Taylor, J. H. and Weisberg, J. M.},
	Date-Added = {2011-06-29 15:22:38 -0400},
	Date-Modified = {2011-06-29 15:22:39 -0400},
	Journal = apj,
	Pages = 908,
	Title = {A new test of general relativity : gravitational radiation and the binary pulsar PSR 1913 +16},
	Volume = 253,
	Year = 1982}

@article{Taylor:1989,
	Author = {Taylor, J. H. and Weisberg, J. M.},
	Date-Added = {2011-06-29 15:22:38 -0400},
	Date-Modified = {2011-06-29 15:22:39 -0400},
	Journal = apj,
	Pages = 434,
	Title = {Further experimental tests of relativistic gravity using the binary pulsar 1913+16},
	Volume = 345,
	Year = 1989}

@article{Willke:2002,
	Author = {B Willke and others},
	Date-Added = {2011-06-29 15:22:38 -0400},
	Date-Modified = {2011-06-29 15:22:39 -0400},
	Journal = cqg,
	Pages = {1377-1387},
	Title = {The GEO 600 gravitational wave detector},
	Volume = 19,
	Year = 2002}

@article{BuonannoDamour:2000,
	Author = {Buonanno, Alessandra and Damour, Thibault},
	Date-Added = {2011-06-29 15:22:38 -0400},
	Date-Modified = {2011-06-29 15:22:39 -0400},
	Journal = prd,
	Pages = 064015,
	Title = {Transition from inspiral to plunge in binary black hole coalescences},
	Volume = 62,
	Year = 2000}

@article{DamourJaranowskiSchaefer:2000,
	Author = {Damour, Thibault and Jaranowski, Piotr and Sch{\"a}fer, Gerhard},
	Date-Added = {2011-06-29 15:22:38 -0400},
	Date-Modified = {2011-06-29 15:22:39 -0400},
	Journal = prd,
	Pages = 084011,
	Title = {On the determination of the last stable orbit for circular general relativistic binaries at the third post-Newtonian approximation},
	Volume = 62,
	Year = 2000}

@article{Damour:2001,
	Author = {Damour, Thibault},
	Date-Added = {2011-06-29 15:22:38 -0400},
	Date-Modified = {2011-06-29 15:22:39 -0400},
	Journal = prd,
	Pages = 124013,
	Title = {Coalescence of two spinning black holes: An effective one-body approach},
	Volume = 64,
	Year = 2001}

@article{BuonannoChenVallisneri:2003a,
	Author = {Buonanno, Alessandra and Chen, Yanbei and Vallisneri, Michele},
	Date-Added = {2011-06-29 15:22:38 -0400},
	Date-Modified = {2011-06-29 15:22:39 -0400},
	Journal = prd,
	Pages = 024016,
	Title = {Detection template families for gravitational waves from the final stages of binary-black-hole inspirals: Nonspinning case},
	Volume = 67,
	Year = 2003}

@article{BuonannoChenVallisneri:2003b,
	Author = {Buonanno, Alessandra and Chen, Yanbei and Vallisneri, Michele},
	Date-Added = {2011-06-29 15:22:38 -0400},
	Date-Modified = {2011-06-29 15:22:39 -0400},
	Journal = prd,
	Pages = 104025,
	Title = {Detecting gravitational waves from precessing binaries of spinning compact objects: Adiabatic limit},
	Volume = 67,
	Year = 2003}

@book{casella:2002,
	Address = {Pacific Grove, CA},
	Author = {G Casella and R L Berger},
	Date-Added = {2011-06-29 15:22:38 -0400},
	Date-Modified = {2011-06-29 15:22:39 -0400},
	Publisher = {Duxbury},
	Title = {Statistical Inference},
	Year = {2002}}

@book{helstrom:1995,
	Address = {Englewood Cliffs, NJ},
	Author = {C W Helstrom},
	Date-Added = {2011-06-29 15:22:38 -0400},
	Date-Modified = {2011-06-29 15:22:39 -0400},
	Publisher = {Prentice-Hall},
	Title = {Elements of Signal Detection and Estimation},
	Year = {1995}}

@book{Press:1992,
	Address = {Cambridge, UK},
	Author = {W H Press and S A Teukolsky and W T Vetterling and B P Flannery},
	Date-Added = {2011-06-29 15:22:38 -0400},
	Date-Modified = {2011-06-29 15:22:39 -0400},
	Publisher = {Cambridge},
	Title = {Numerical Recipies in C},
	Year = {1992}}

@book{Mathews:1992,
	Address = {New York, NY},
	Author = {J Mathews and R L Walker},
	Date-Added = {2011-06-29 15:22:38 -0400},
	Date-Modified = {2011-06-29 15:22:39 -0400},
	Publisher = {W. A. Benjamin},
	Title = {Mathematical Methods of Physics},
	Year = {1970}}

@article{Brown:2003,
	Author = {Brown, D. A. and Allen, B. A. and Brady, P. R. and Creighton, J. D. E. and Williamsen, M. and Other, A. N. and Other, A. N. and Other, A. N. and Other, A. N. and Other, A. N.},
	Date-Added = {2011-06-29 15:22:38 -0400},
	Date-Modified = {2011-06-29 15:22:39 -0400},
	Note = {in preparation},
	Title = {Implementation of matched filtering for binary inspiral signals in gravitational wave data},
	Year = {2003}}

@article{Brown:2004,
	Author = {Brown (for the LIGO Scientific Collaboration), D. A.},
	Date-Added = {2011-06-29 15:22:38 -0400},
	Date-Modified = {2011-06-29 15:22:39 -0400},
	Journal = {Class. Quant. Grav.},
	Pages = {S797-S800},
	Title = {Testing the LIGO inspiral analysis with hardware injections},
	Volume = {21},
	Year = {2004}}

@techreport{Adhikari:2003,
	Author = {R. Adhikari and P. Fritschel and G. Gonz{\'a}lez and M. Landry and L. Matone and H. Radkins and A. Takamori and B. O'Reilly},
	Date-Added = {2011-06-29 15:22:38 -0400},
	Date-Modified = {2011-06-29 15:22:39 -0400},
	Institution = {LIGO Project},
	Number = {LIGO-T030097-00-D},
	Title = {Calibration of the LIGO Detectors for the First LIGO Scientific Run},
	Url = {http://www.ligo.caltech.edu/docs/T/T030097-00.pdf},
	Year = 2003,
	Bdsk-Url-1 = {http://www.ligo.caltech.edu/docs/T/T030097-00.pdf}}

@techreport{Gonzalez:2004,
	Author = {G. Gonz{\'a}lez and M. Landry and B. O'Reilly},
	Date-Added = {2011-06-29 15:22:38 -0400},
	Date-Modified = {2011-06-29 15:22:39 -0400},
	Institution = {LIGO Project},
	Number = {LIGO-T040060-00-D},
	Title = {Calibration of the LIGO detectors for S2},
	Url = {http://www.ligo.caltech.edu/docs/T/T040060-00.pdf},
	Year = 2004,
	Bdsk-Url-1 = {http://www.ligo.caltech.edu/docs/T/T040060-00.pdf}}

@techreport{Anderson:2001a,
	Author = {S. B. Anderson and W. G. Anderson and J. K. Blackburn and P. R. Brady and D. A. Brown and P. Charlton and J. D. E. Creighton and T. D. Creighton and L. S. Finn and J. D. Romano and D. Sigg and J. T. Whelan and A. G. Wiseman and J. Zweizig},
	Date-Added = {2011-06-29 15:22:38 -0400},
	Date-Modified = {2011-06-29 15:22:39 -0400},
	Institution = {LIGO Project},
	Number = {LIGO-T010095-00-D},
	Title = {Conventions for data and software products of the LIGO and the LSC},
	Url = {http://www.ligo.caltech.edu/docs/T/T010095-00.pdf},
	Year = 2001,
	Bdsk-Url-1 = {http://www.ligo.caltech.edu/docs/T/T010095-00.pdf}}

@article{Gonzalez:2002,
	Author = {R. Adhikari and G. Gonz{\'a}lez and M. Landry and B. O'Reilly},
	Date-Added = {2011-06-29 15:22:38 -0400},
	Date-Modified = {2011-06-29 15:22:39 -0400},
	Journal = {Class. Quant. Grav.},
	Pages = {S903-S914},
	Volume = {20},
	Year = {2003}}

@article{LIGOS1instpaper,
	Author = {B. Abbott and others},
	Collaboration = {LIGO Scientific Collaboration},
	Date-Added = {2011-06-29 15:22:38 -0400},
	Date-Modified = {2011-06-29 15:22:39 -0400},
	Eprint = {gr-qc/0308043},
	Journal = {Nucl. Instrum. Methods},
	Number = {LIGO-P030024-00-R},
	Pages = {154-179},
	Title = {Detector Description and Performance for the First Coincidence Observations between LIGO and GEO},
	Volume = {A517},
	Year = {2004}}

@article{LIGOS1iul,
	Author = {B. Abbott and others},
	Collaboration = {LIGO Scientific Collaboration},
	Date-Added = {2011-06-29 15:22:38 -0400},
	Date-Modified = {2011-06-29 15:22:39 -0400},
	Eprint = {gr-qc/0308069},
	Journal = {Phys. Rev. D},
	Number = {LIGO-P030024-00-R},
	Pages = {122001},
	Title = {Analysis of LIGO data for gravitational waves from binary neutron stars},
	Volume = {69},
	Year = {2004}}

@article{LIGOS2iul,
	Author = {B. Abbott and others},
	Collaboration = {LIGO Scientific Collaboration},
	Date-Added = {2011-06-29 15:22:38 -0400},
	Date-Modified = {2011-06-29 15:22:39 -0400},
	Note = {in preparation},
	Number = {LIGO-P040024-01-Z},
	Title = {Search for binary neutron star coalescence in the local group},
	Year = {2004}}

@misc{grasp,
	Author = {Bruce Allen},
	Date-Added = {2011-06-29 15:22:38 -0400},
	Date-Modified = {2011-06-29 15:22:39 -0400},
	Note = {pages 180-188},
	Title = {{\normalfont {\scshape grasp}: a data analysis package for gravitational wave detection}, Version 1.9.8},
	Url = {http://www.lsc-group.phys.uwm.edu},
	Year = {May 2000},
	Bdsk-Url-1 = {http://www.lsc-group.phys.uwm.edu}}

@article{Allen:2004,
	Author = {Bruce Allen},
	Date-Added = {2011-06-29 15:22:38 -0400},
	Date-Modified = {2011-06-29 15:22:39 -0400},
	Eprint = {gr-qc/04xxxxx},
	Title = {A $\chi^2$ time-frequency discriminator for gravitational wave detection},
	Year = {2004}}

@article{Savage:1998,
	Author = {R. Savage and P. King and S. Seel},
	Date-Added = {2011-06-29 15:22:38 -0400},
	Date-Modified = {2011-06-29 15:22:39 -0400},
	Journal = {Laser Physics},
	Pages = 679,
	Title = {A highly stabilized 10-watt Nd:YAG laser for the laser interferometer gravitational-wave observatory (LIGO)},
	Volume = 8,
	Year = 1998}

@article{Giaime:1996,
	Author = {J. Giaime and P. Saha and D. Shoemaker and L. Sievers},
	Date-Added = {2011-06-29 15:22:38 -0400},
	Date-Modified = {2011-06-29 15:22:39 -0400},
	Journal = rsi,
	Pages = 208,
	Title = {A passive vibration isolation stack for LIGO: design, modeling,and testing},
	Volume = 67,
	Year = 1996}

@article{Fritschel:2001,
	Author = {Peter Fritschel and Rolf Bork and Gabriela Gonz\'alez and Nergis Mavalvala and Dale Ouimette and Haisheng Rong and Daniel Sigg and Michael Zucker},
	Date-Added = {2011-06-29 15:22:38 -0400},
	Date-Modified = {2011-06-29 15:22:39 -0400},
	Journal = ao,
	Pages = 4988,
	Title = {Readout and Control of a Power-Recycled Interferometric Gravitational-Wave Antenna},
	Volume = 40,
	Year = 2001}

@article{Fritschel:1998,
	Author = {P Fritschel and G Gonz{\'a}lez and N Mavalvala and D Shoemaker and D Sigg and M Zucker},
	Date-Added = {2011-06-29 15:22:38 -0400},
	Date-Modified = {2011-06-29 15:22:39 -0400},
	Journal = ao,
	Pages = 6734,
	Title = {Alignment of an interferometric gravitational wave detector},
	Volume = 37,
	Year = 1998}

@article{Nicholson:1996,
	Author = {D Nicholson and others},
	Date-Added = {2011-06-29 15:22:38 -0400},
	Date-Modified = {2011-06-29 15:22:39 -0400},
	Journal = pla,
	Pages = 175,
	Title = {Results of the First Coincident Observations by Two Laser-Interferometric Gravitational Wave Detectors},
	Volume = 218,
	Year = 1996}

@article{IGEC:2000,
	Author = {Z. A. Allen and others},
	Collaboration = {International Gravitational Event Collaboration},
	Date-Added = {2011-06-29 15:22:38 -0400},
	Date-Modified = {2011-06-29 15:22:39 -0400},
	Journal = prl,
	Pages = 5046,
	Title = {First search for gravitational wave bursts with a network of detectors},
	Volume = 85,
	Year = 2000}

@book{Saulson:1994,
	Address = {Singapore},
	Author = {Peter R. Saulson},
	Date-Added = {2011-06-29 15:22:38 -0400},
	Date-Modified = {2011-06-29 15:22:39 -0400},
	Publisher = {World Scientific},
	Title = {Fundamentals of Interferometric Gravitational Wave Detectors},
	Year = {1994}}

@article{Giaime:2003,
	Author = {J.A. Giaime and E.J. Daw and M. Weitz and R. Adhikari and P. Fritschel and R. Abbott and R. Bork and J. Heefner},
	Date-Added = {2011-06-29 15:22:38 -0400},
	Date-Modified = {2011-06-29 15:22:39 -0400},
	Journal = rsi,
	Pages = 218,
	Title = {Feedforward reduction of the microseism disturbance in a long-base-line interferometric gravitational-wave detector},
	Volume = 74,
	Year = 2003}

@misc{LDAS,
	Date-Added = {2011-06-29 15:22:38 -0400},
	Date-Modified = {2011-06-29 15:22:39 -0400},
	Note = {Version 0.6.0 was used in this analysis.},
	Title = {{\normalfont The LIGO Data Analysis System \scshape ldas}},
	Url = {http://ldas.phys.uwm.edu/},
	Bdsk-Url-1 = {http://ldas.phys.uwm.edu/}}

@article{Bildsten:1992my,
	Author = {Bildsten, L. and Cutler, C.},
	Date-Added = {2011-06-29 15:22:38 -0400},
	Date-Modified = {2011-06-29 15:22:39 -0400},
	Journal = apj,
	Pages = 175,
	Title = {Tidal interactions of inspiraling compact binaries},
	Volume = 400,
	Year = 1992}

@article{Peters:1964,
	Author = {P. C. Peters},
	Date-Added = {2011-06-29 15:22:38 -0400},
	Date-Modified = {2011-06-29 15:22:39 -0400},
	Journal = pr,
	Pages = {B1224},
	Title = {Gravitational Radiation and the Motion of Two Point Masses},
	Volume = 136,
	Year = 1964}

@article{Burgay:2003jj,
	Author = {Burgay, Marta and others},
	Date-Added = {2011-06-29 15:22:38 -0400},
	Date-Modified = {2011-06-29 15:22:39 -0400},
	Eprint = {astro-ph/0312071},
	Journal = {Nature.},
	Pages = {531-533},
	Slaccitation = {%%CITATION = ASTRO-PH 0312071;%%},
	Title = {An increased estimate of the merger rate of double neutron stars from observations of a highly relativistic system},
	Volume = {426},
	Year = {2003}}

@article{Kalogera:2004tn,
	Author = {Kalogera, V. and others},
	Date-Added = {2011-06-29 15:22:38 -0400},
	Date-Modified = {2011-06-29 15:22:39 -0400},
	Eprint = {astro-ph/0312101},
	Journal = {apj},
	Pages = {L179-L182},
	Slaccitation = {%%CITATION = ASTRO-PH 0312101;%%},
	Title = {The Cosmic Coalescence Rates for Double Neutron Star Binaries},
	Volume = {601},
	Year = {2004}}

@article{S2Hardware:2004,
	Author = {IULGroup and A.N.Others},
	Date-Added = {2011-06-29 15:22:38 -0400},
	Date-Modified = {2011-06-29 15:22:39 -0400},
	Note = {In Preparation},
	Title = {Analysis of Inspiral Hardware injections during S2},
	Year = {2004}}

@article{S2Macho:2004,
	Author = {B. Abbott and others},
	Date-Added = {2011-06-29 15:22:38 -0400},
	Date-Modified = {2011-06-29 15:22:39 -0400},
	Note = {In Preparation},
	Title = {An Upper Limit on the rate of Binary Black Hole MACHO Inspiral in the Galactic Halo},
	Year = {2004}}

@article{MCMC:2004,
	Author = {N. Christensen and R. Meyer and A. Libson},
	Date-Added = {2011-06-29 15:22:38 -0400},
	Date-Modified = {2011-06-29 15:22:39 -0400},
	Journal = {Class. Quant. Grav.},
	Pages = {317},
	Volume = {21},
	Year = {2004}}

@misc{glitchmon,
	Author = {M. Ito},
	Date-Added = {2011-06-29 15:22:38 -0400},
	Date-Modified = {2011-06-29 15:22:39 -0400},
	Note = {Developed using the LIGO Data Monitoring Tool (DMT) library},
	Title = {glitchMon: A {DMT} monitor to look for transient signals in selected channels}}

@article{vetoGWDAW03,
	Author = {N. Christensen and P. Shawhan and G. Gonz{\'a}lez},
	Date-Added = {2011-06-29 15:22:38 -0400},
	Date-Modified = {2011-06-29 15:22:39 -0400},
	Eprint = {gr-qc/0403114},
	Note = {to appear in Class.\ Quant.\ Grav.},
	Title = {LIGO Inspiral Veto Studies},
	Year = {2004}}

@article{loudestGWDAW03,
	Author = {P. Brady and J. Creighton and A. Wiseman},
	Date-Added = {2011-06-29 15:22:38 -0400},
	Date-Modified = {2011-06-29 15:22:39 -0400},
	Note = {to appear in Class.\ Quant.\ Grav.},
	Title = {Upper limits on gravitational-wave signals based on loudest events},
	Year = {2004}}

@incollection{beowulfbook-condor,
	Author = {Todd Tannenbaum and Derek Wright and Karen Miller and Miron Livny},
	Booktitle = {Beowulf Cluster Computing with {L}inux},
	Date-Added = {2011-06-29 15:22:38 -0400},
	Date-Modified = {2011-06-29 15:22:39 -0400},
	Editor = {Thomas Sterling},
	Month = {October},
	Publisher = {MIT Press},
	Title = {{C}ondor -- A Distributed Job Scheduler},
	Year = {2001}}

@article{tamaDT7,
	Author = {R. Takahashi},
	Date-Added = {2011-06-29 15:22:38 -0400},
	Date-Modified = {2011-06-29 15:22:39 -0400},
	Journal = {Class. Quant. Grav.},
	Pages = {S593-S598},
	Volume = {20},
	Year = {2003}}

@article{Stairs:2004,
	Author = {Stairs, Ingrid H.},
	Date-Added = {2011-06-29 15:22:38 -0400},
	Date-Modified = {2011-06-29 15:22:39 -0400},
	Journal = science,
	Pages = {547-552},
	Title = {Pulsars in binary systems: Probing binary stellar evolution and general relativity},
	Volume = {304},
	Year = {2004}}

@article{TAMA:2001,
	Author = {Ando et al., M.},
	Date-Added = {2011-06-29 15:22:38 -0400},
	Date-Modified = {2011-06-29 15:22:39 -0400},
	Journal = prl,
	Pages = {3950-3954},
	Title = {Stable Operation of a 300-m Laser Interferometer with Sufficient Sensitivity to Detect Gravitational-Wave Events within Our Galaxy},
	Volume = {86},
	Year = {2001}}

@article{Griest:1995gs,
	Author = {Griest, Kim},
	Date-Added = {2011-06-29 15:22:38 -0400},
	Date-Modified = {2011-06-29 15:22:39 -0400},
	Eprint = {astro-ph/9510089},
	Title = {The nature of the dark matter},
	Year = {1995}}

@article{Griest:1990vu,
	Author = {Griest, Kim},
	Date-Added = {2011-06-29 15:22:38 -0400},
	Date-Modified = {2011-06-29 15:22:39 -0400},
	Journal = {Astrophys. J.},
	Pages = {412-421},
	Title = {GALACTIC MICROLENSING AS A METHOD OF DETECTING MASSIVE COMPACT HALO OBJECTS},
	Volume = {366},
	Year = {1991}}

@inproceedings{Sancisi:1987,
	Author = {{Sancisi}, R. and {van Albada}, T.~S.},
	Booktitle = {IAU Symp. 117: Dark matter in the universe},
	Date-Added = {2011-06-29 15:22:38 -0400},
	Date-Modified = {2011-06-29 15:22:39 -0400},
	Pages = {67-80},
	Title = {{H I rotation curves of galaxies}},
	Year = 1987}

@inproceedings{Rix:1996,
	Author = {{Rix}, H.-W.},
	Booktitle = {IAU Symp. 169: Unsolved Problems of the Milky Way},
	Date-Added = {2011-06-29 15:22:38 -0400},
	Date-Modified = {2011-06-29 15:22:39 -0400},
	Pages = {23-29},
	Title = {{The Shapes of Dark Halos}},
	Year = 1996}

@article{1995ApJ...449L.123G,
	Author = {{Gates}, E.~I. and {Gyuk}, G. and {Turner}, M.~S.},
	Date-Added = {2011-06-29 15:22:38 -0400},
	Date-Modified = {2011-06-29 15:22:39 -0400},
	Journal = {Astrophys. J.},
	Month = aug,
	Pages = {L123+},
	Title = {{The Local Halo Density}},
	Volume = 449,
	Year = 1995}

@article{Yokoyama:1995ex,
	Author = {Yokoyama, Junichi},
	Date-Added = {2011-06-29 15:22:38 -0400},
	Date-Modified = {2011-06-29 15:22:39 -0400},
	Eprint = {astro-ph/9509027},
	Journal = {Astron. Astrophys.},
	Pages = {673},
	Slaccitation = {%%CITATION = ASTRO-PH 9509027;%%},
	Title = {Formation of MACHO-Primordial Black Holes in Inflationary Cosmology},
	Volume = {318},
	Year = {1997}}

@article{Yokoyama:1999xi,
	Author = {Yokoyama, J.},
	Date-Added = {2011-06-29 15:22:38 -0400},
	Date-Modified = {2011-06-29 15:22:39 -0400},
	Journal = {Prog. Theor. Phys. Suppl.},
	Pages = {338-352},
	Slaccitation = {%%CITATION = PTPSA,136,338;%%},
	Title = {Formation of primordial black holes in inflationary cosmology},
	Volume = {136},
	Year = {1999}}

@article{Jedamzik:1996mr,
	Author = {Jedamzik, Karsten},
	Date-Added = {2011-06-29 15:22:38 -0400},
	Date-Modified = {2011-06-29 15:22:39 -0400},
	Eprint = {astro-ph/9605152},
	Journal = {Phys. Rev.},
	Pages = {5871-5875},
	Slaccitation = {%%CITATION = ASTRO-PH 9605152;%%},
	Title = {Primordial black hole formation during the QCD epoch},
	Volume = {D55},
	Year = {1997}}

@article{Graff:1995ru,
	Author = {Graff, David S. and Freese, Katherine},
	Date-Added = {2011-06-29 15:22:38 -0400},
	Date-Modified = {2011-06-29 15:22:39 -0400},
	Eprint = {astro-ph/9507097},
	Slaccitation = {%%CITATION = ASTRO-PH 9507097;%%},
	Title = {Analysis of a Hubble Space Telescope Search for Red Dwarfs: Limits on Baryonic Matter in the Galactic Halo},
	Year = {1995}}

@article{Graff:1996rz,
	Author = {Graff, David S. and Freese, Katherine},
	Date-Added = {2011-06-29 15:22:38 -0400},
	Date-Modified = {2011-06-29 15:22:39 -0400},
	Eprint = {astro-ph/9602051},
	Journal = {Astrophys. J.},
	Pages = {L65},
	Slaccitation = {%%CITATION = ASTRO-PH 9602051;%%},
	Title = {The Mass-Function of Low Mass Halo Stars: Limits on Baryonic Halo Dark Matter},
	Volume = {467},
	Year = {1996}}

@article{Creze:2004gs,
	Author = {Creze, Michel and others},
	Date-Added = {2011-06-29 15:22:38 -0400},
	Date-Modified = {2011-06-29 15:22:39 -0400},
	Eprint = {astro-ph/0403543},
	Slaccitation = {%%CITATION = ASTRO-PH 0403543;%%},
	Title = {Dark halo baryons not in ancient halo white dwarfs},
	Year = {2004}}

@article{2002A&A...389L..69G,
	Adsnote = {Provided by the NASA Astrophysics Data System},
	Adsurl = {http://adsabs.harvard.edu/cgi-bin/nph-bib_query?bibcode=2002A%26A...389L..69G&amp;db_key=AST},
	Author = {{Goldman}, B. and {Afonso}, C. and {Alard}, C. and {Albert}, J.-N. and {Amadon}, A. and {Andersen}, J. and {Ansari}, R. and {Aubourg}, {\'E}. and {Bareyre}, P. and {Bauer}, F. and {Beaulieu}, J.-P. and {Blanc}, G. and {Bouquet}, A. and {Char}, S. and {Charlot}, X. and {Couchot}, F. and {Coutures}, C. and {Derue}, F. and {Ferlet}, R. and {Fouqu{\'e}}, P. and {Glicenstein}, J.-F. and {Gould}, A. and {Graff}, D. and {Gros}, M. and {Haissinski}, J. and {Hamadache}, C. and {Hamilton}, J.-C. and {Hardin}, D. and {de Kat}, J. and {Kim}, A. and {Lasserre}, T. and {Le Guillou}, L. and {Lesquoy}, {\'E}. and {Loup}, C. and {Magneville}, C. and {Mansoux}, B. and {Marquette}, J.-B. and {Maurice}, {\'E}. and {Maury}, A. and {Milsztajn}, A. and {Moniez}, M. and {Palanque-Delabrouille}, N. and {Perdereau}, O. and {Pr{\'e}vot}, L. and {Regnault}, N. and {Rich}, J. and {Spiro}, M. and {Tisserand}, P. and {Vidal-Madjar}, A. and {Vigroux}, L. and {Zylberajch}, S. and {The EROS collaboration}},
	Date-Added = {2011-06-29 15:22:38 -0400},
	Date-Modified = {2011-06-29 15:22:39 -0400},
	Journal = {\aap},
	Month = jul,
	Pages = {L69-L73},
	Title = {{EROS 2 proper motion survey: Constraints on the halo white dwarfs}},
	Volume = 389,
	Year = 2002}

@article{2002ApJ...573..644N,
	Adsnote = {Provided by the NASA Astrophysics Data System},
	Adsurl = {http://adsabs.harvard.edu/cgi-bin/nph-bib_query?bibcode=2002ApJ...573..644N&amp;db_key=AST},
	Author = {{Nelson}, C.~A. and {Cook}, K.~H. and {Axelrod}, T.~S. and {Mould}, J.~R. and {Alcock}, C.},
	Date-Added = {2011-06-29 15:22:38 -0400},
	Date-Modified = {2011-06-29 15:22:39 -0400},
	Journal = {\apj},
	Month = jul,
	Pages = {644-661},
	Title = {{A Proper-Motion Survey for White Dwarfs with the Wide Field Planetary Camera 2}},
	Volume = 573,
	Year = 2002}

@article{1996ApJ...473L..99N,
	Adsnote = {Provided by the NASA Astrophysics Data System},
	Adsurl = {http://adsabs.harvard.edu/cgi-bin/nph-bib_query?bibcode=1996ApJ...473L..99N&amp;db_key=AST},
	Author = {{Nakamura}, T. and {Kan-Ya}, Y. and {Nishi}, R.},
	Date-Added = {2011-06-29 15:22:38 -0400},
	Date-Modified = {2011-06-29 15:22:39 -0400},
	Journal = {\apjl},
	Month = dec,
	Pages = {L99+},
	Title = {{The Minimum Total Mass of MACHOs and Halo Models of the Galaxy}},
	Volume = 473,
	Year = 1996}

@article{Salati:1999gd,
	Author = {Salati, P. and Taillet, R. and Aubourg, E. and Palanque-Delabrouille, N. and Spiro, M.},
	Date-Added = {2011-06-29 15:22:38 -0400},
	Date-Modified = {2011-06-29 15:22:39 -0400},
	Eprint = {astro-ph/9904400},
	Slaccitation = {%%CITATION = ASTRO-PH 9904400;%%},
	Title = {Kinematics of LMC stellar populations and self-lensing optical depth},
	Year = {1999}}

@article{Evans:1997hq,
	Author = {Evans, N. Wyn and Gyuk, Geza and Turner, Michael S. and Binney, James},
	Date-Added = {2011-06-29 15:22:38 -0400},
	Date-Modified = {2011-06-29 15:22:39 -0400},
	Eprint = {astro-ph/9711224},
	Journal = {Astrophys. J.},
	Pages = {L45},
	Slaccitation = {%%CITATION = ASTRO-PH 9711224;%%},
	Title = {The LMC Microlensing Events: Evidence for a Warped and Flaring Milky Way Disk?},
	Volume = {501},
	Year = {1998}}

@article{1971MNRAS.152...75H,
	Adsnote = {Provided by the NASA Astrophysics Data System},
	Adsurl = {http://adsabs.harvard.edu/cgi-bin/nph-bib_query?bibcode=1971MNRAS.152...75H&amp;db_key=AST},
	Author = {{Hawking}, S.},
	Date-Added = {2011-06-29 15:22:38 -0400},
	Date-Modified = {2011-06-29 15:22:39 -0400},
	Journal = {\mnras},
	Pages = {75-+},
	Title = {{Gravitationally collapsed objects of very low mass}},
	Volume = 152,
	Year = 1971}

@article{1974MNRAS.168..399C,
	Adsnote = {Provided by the NASA Astrophysics Data System},
	Adsurl = {http://adsabs.harvard.edu/cgi-bin/nph-bib_query?bibcode=1974MNRAS.168..399C&amp;db_key=AST},
	Author = {{Carr}, B.~J. and {Hawking}, S.~W.},
	Date-Added = {2011-06-29 15:22:38 -0400},
	Date-Modified = {2011-06-29 15:22:39 -0400},
	Journal = {\mnras},
	Month = aug,
	Pages = {399-416},
	Title = {{Black holes in the early Universe}},
	Volume = 168,
	Year = 1974}

@article{1967SvA....10..602Z,
	Adsnote = {Provided by the NASA Astrophysics Data System},
	Adsurl = {http://adsabs.harvard.edu/cgi-bin/nph-bib_query?bibcode=1967SvA....10..602Z&amp;db_key=AST},
	Author = {{Zel'Dovich}, Y.~B. and {Novikov}, I.~D.},
	Date-Added = {2011-06-29 15:22:38 -0400},
	Date-Modified = {2011-06-29 15:22:39 -0400},
	Journal = {Soviet Astronomy},
	Month = feb,
	Pages = {602-+},
	Title = {{The Hypothesis of Cores Retarded during Expansion and the Hot Cosmological Model}},
	Volume = 10,
	Year = 1967}

@article{Hagmann:1995xe,
	Author = {Hagmann, C. and others},
	Date-Added = {2011-06-29 15:22:38 -0400},
	Date-Modified = {2011-06-29 15:22:39 -0400},
	Eprint = {astro-ph/9508013},
	Slaccitation = {%%CITATION = ASTRO-PH 9508013;%%},
	Title = {A Second generation cosmic axion experiment},
	Year = {1995}}

@article{Primack:1988zm,
	Author = {Primack, Joel R. and Seckel, David and Sadoulet, Bernard},
	Date-Added = {2011-06-29 15:22:38 -0400},
	Date-Modified = {2011-06-29 15:22:39 -0400},
	Journal = {Ann. Rev. Nucl. Part. Sci.},
	Pages = {751},
	Slaccitation = {%%CITATION = ARNUA,38,751;%%},
	Title = {DETECTION OF COSMIC DARK MATTER},
	Volume = {38},
	Year = {1988}}

@article{Goodman:1984dc,
	Author = {Goodman, Mark W. and Witten, Edward},
	Date-Added = {2011-06-29 15:22:38 -0400},
	Date-Modified = {2011-06-29 15:22:39 -0400},
	Journal = {Phys. Rev.},
	Pages = {3059},
	Slaccitation = {%%CITATION = PHRVA,D31,3059;%%},
	Title = {Detectability of certain dark-matter candidates},
	Volume = {D31},
	Year = {1985}}

@article{Weinberg:1977ma,
	Author = {Weinberg, Steven},
	Date-Added = {2011-06-29 15:22:38 -0400},
	Date-Modified = {2011-06-29 15:22:39 -0400},
	Journal = {Phys. Rev. Lett.},
	Pages = {223-226},
	Slaccitation = {%%CITATION = PRLTA,40,223;%%},
	Title = {A NEW LIGHT BOSON?},
	Volume = {40},
	Year = {1978}}

@article{Peccei:1977hh,
	Author = {Peccei, R. D. and Quinn, Helen R.},
	Date-Added = {2011-06-29 15:22:38 -0400},
	Date-Modified = {2011-06-29 15:22:39 -0400},
	Journal = {Phys. Rev. Lett.},
	Pages = {1440-1443},
	Slaccitation = {%%CITATION = PRLTA,38,1440;%%},
	Title = {CP CONSERVATION IN THE PRESENCE OF INSTANTONS},
	Volume = {38},
	Year = {1977}}

@article{1994MNRAS.266..775K,
	Adsnote = {Provided by the NASA Astrophysics Data System},
	Adsurl = {http://adsabs.harvard.edu/cgi-bin/nph-bib_query?bibcode=1994MNRAS.266..775K&amp;db_key=AST},
	Author = {{Kerins}, E.~J. and {Carr}, B.~J.},
	Date-Added = {2011-06-29 15:22:38 -0400},
	Date-Modified = {2011-06-29 15:22:39 -0400},
	Journal = {\mnras},
	Month = feb,
	Pages = {775-+},
	Title = {{Infrared searches for dark matter in the form of brown dwarfs}},
	Volume = 266,
	Year = 1994}

@article{Paczynski:1985jf,
	Author = {Paczynski, Bohdan},
	Date-Added = {2011-06-29 15:22:38 -0400},
	Date-Modified = {2011-06-29 15:22:39 -0400},
	Journal = {Astrophys. J.},
	Pages = {1-5},
	Slaccitation = {%%CITATION = ASJOA,304,1;%%},
	Title = {Gravitational microlensing by the galactic halo},
	Volume = {304},
	Year = {1986}}

@article{1964MNRAS.128..295R,
	Adsnote = {Provided by the NASA Astrophysics Data System},
	Adsurl = {http://adsabs.harvard.edu/cgi-bin/nph-bib_query?bibcode=1964MNRAS.128..295R&amp;db_key=AST},
	Author = {{Refsdal}, S.},
	Date-Added = {2011-06-29 15:22:38 -0400},
	Date-Modified = {2011-06-29 15:22:39 -0400},
	Journal = {\mnras},
	Pages = {295-+},
	Title = {{The gravitational lens effect}},
	Volume = 128,
	Year = 1964}

@article{MACHO:1999xd,
	Author = {MACHO and Alcock, C.},
	Collaboration = {GMAN},
	Date-Added = {2011-06-29 15:22:38 -0400},
	Date-Modified = {2011-06-29 15:22:39 -0400},
	Eprint = {astro-ph/9907369},
	Slaccitation = {%%CITATION = ASTRO-PH 9907369;%%},
	Title = {Binary Microlensing Events from the MACHO Project},
	Year = {1999}}

@article{Alcock:2000ph,
	Author = {Alcock, C. and others},
	Collaboration = {MACHO},
	Date-Added = {2011-06-29 15:22:38 -0400},
	Date-Modified = {2011-06-29 15:22:39 -0400},
	Eprint = {astro-ph/0001272},
	Journal = {Astrophys. J.},
	Pages = {281-307},
	Slaccitation = {%%CITATION = ASTRO-PH 0001272;%%},
	Title = {The MACHO project: Microlensing results from 5.7 years of LMC observations},
	Volume = {542},
	Year = {2000}}

@article{Afonso:2002xq,
	Author = {Afonso, C. and others},
	Collaboration = {EROS},
	Date-Added = {2011-06-29 15:22:38 -0400},
	Date-Modified = {2011-06-29 15:22:39 -0400},
	Eprint = {astro-ph/0212176},
	Journal = {Astron. Astrophys.},
	Pages = {951-956},
	Slaccitation = {%%CITATION = ASTRO-PH 0212176;%%},
	Title = {Limits on Galactic Dark Matter with 5 Years of EROS SMC Data},
	Volume = {400},
	Year = {2003}}

@article{1996astro.ph..6165A,
	Adsnote = {Provided by the NASA Astrophysics Data System},
	Adsurl = {http://adsabs.harvard.edu/cgi-bin/nph-bib_query?bibcode=1996astro.ph..6165A&amp;db_key=PRE},
	Author = {{Alcock}, C. and {Allsman}, R.~A. and {Alves}, D. and {Axelrod}, T.~S. and {Becker}, A.~C. and {Bennett}, D.~P. and {Cook}, K.~H. and {Freeman}, K.~C. and {Griest}, K. and {Guern}, J. and {Lehner}, M.~J. and {Marshall}, S.~L. and {Peterson}, B.~A. and {Pratt}, M.~R. and {Quinn}, P.~J. and {Rodgers}, A.~W. and {Stubbs}, C.~W. and {Sutherland}, W. and {Welch}, D.~L.},
	Date-Added = {2011-06-29 15:22:38 -0400},
	Date-Modified = {2011-06-29 15:22:39 -0400},
	Eprint = {/99606165},
	Journal = {ArXiv Astrophysics e-prints},
	Month = jun,
	Title = {{The MACHO Project LMC Microlensing Results from the First Two Years and the Nature of the Galactic Dark Halo}},
	Year = 1996}

@article{Alcock:1995zx,
	Author = {Alcock, C. and others},
	Collaboration = {MACHO},
	Date-Added = {2011-06-29 15:22:38 -0400},
	Date-Modified = {2011-06-29 15:22:39 -0400},
	Eprint = {astro-ph/9506113},
	Journal = {Astrophys. J.},
	Pages = {84},
	Slaccitation = {%%CITATION = ASTRO-PH 9506113;%%},
	Title = {The MACHO project first year LMC results: The Microlensing rate and the nature of the galactic dark halo},
	Volume = {461},
	Year = {1996}}

@article{Ioka:1998nz,
	Author = {Ioka, Kunihito and Chiba, Takeshi and Tanaka, Takahiro and Nakamura, Takashi},
	Date-Added = {2011-06-29 15:22:38 -0400},
	Date-Modified = {2011-06-29 15:22:39 -0400},
	Eprint = {astro-ph/9807018},
	Journal = {Phys. Rev.},
	Pages = {063003},
	Slaccitation = {%%CITATION = ASTRO-PH 9807018;%%},
	Title = {Black Hole Binary Formation in the Expanding Universe: Three Body Problem Approximation},
	Volume = {D58},
	Year = {1998}}

@phdthesis{Adhikari:thesis,
	Address = {Cambridge, MA},
	Author = {Rana Adhikari},
	Date-Added = {2011-06-29 15:22:38 -0400},
	Date-Modified = {2011-06-29 15:22:39 -0400},
	School = {MIT},
	Title = {Sensitivity and Noise Analysis of 4~km Laser Interferometric Gravitational Wave Antennae},
	Year = 2004}

@phdthesis{Evans:thesis,
	Address = {Pasadena, CA},
	Author = {Matt Evans},
	Date-Added = {2011-06-29 15:22:38 -0400},
	Date-Modified = {2011-06-29 15:22:39 -0400},
	School = {Caltech},
	Title = {Lock Aquisition in Resonant Optical Interferometers},
	Year = 2004}

@article{1987MNRAS.224..131S,
	Adsnote = {Provided by the NASA Astrophysics Data System},
	Adsurl = {http://adsabs.harvard.edu/cgi-bin/nph-bib_query?bibcode=1987MNRAS.224..131S&amp;db_key=AST},
	Author = {{Schutz}, B.~F. and {Tinto}, M.},
	Date-Added = {2011-06-29 15:22:38 -0400},
	Date-Modified = {2011-06-29 15:22:39 -0400},
	Journal = {\mnras},
	Month = jan,
	Pages = {131-154},
	Title = {{Antenna patterns of interferometric detectors of gravitational waves. I - Linearly polarized waves}},
	Volume = 224,
	Year = 1987}

@article{Pirani:1956,
	Author = {Pirani, {F. A. E.}},
	Date-Added = {2011-06-29 15:22:38 -0400},
	Date-Modified = {2011-06-29 15:22:39 -0400},
	Journal = {Acta Physica Polonica},
	Pages = {389},
	Volume = 15,
	Year = 1956}

@article{Forward:1971,
	Author = {Moss, G. F. and Miller, L. R. and Forward R. L.},
	Date-Added = {2011-06-29 15:22:38 -0400},
	Date-Modified = {2011-06-29 15:22:39 -0400},
	Journal = {Applied Optics},
	Pages = {2495--2498},
	Title = {{Photon-noise-limited laser tranducer for gravitational antenna}},
	Volume = {10},
	Year = {1971}}

@article{Weiss:1972,
	Author = {Weiss, R},
	Date-Added = {2011-06-29 15:22:38 -0400},
	Date-Modified = {2011-06-29 15:22:39 -0400},
	Journal = {Quarterly Progress Report of the Research Laboratory of Electronics of the Massachsetts Institutue of Technology},
	Month = apr,
	Pages = {54},
	Title = {Electromagnetically coupled broadband gravitational wave antenna},
	Volume = {105},
	Year = {1972}}

@incollection{Drever:1980,
	Address = {Cambridge, UK},
	Author = {R. P. Drever and others},
	Booktitle = {Proceedings of the Ninth International Conference on General Relativity and Gravitation},
	Date-Added = {2011-06-29 15:22:38 -0400},
	Date-Modified = {2011-06-29 15:22:39 -0400},
	Editor = {E. Schmutzer},
	Pages = {265--267},
	Publisher = {Cambridge University Press},
	Title = {A Gravity-Wave Detector Using Optical Cavity Sensing},
	Year = {1983}}

@article{1989A&A...223...47B,
	Adsnote = {Provided by the NASA Astrophysics Data System},
	Adsurl = {http://cdsads.u-strasbg.fr/cgi-bin/nph-bib_query?bibcode=1989A%26A...223...47B&amp;db_key=AST},
	Author = {{Begeman}, K.~G.},
	Date-Added = {2011-06-29 15:22:38 -0400},
	Date-Modified = {2011-06-29 15:22:39 -0400},
	Journal = {\aap},
	Month = oct,
	Pages = {47-60},
	Title = {{H I rotation curves of spiral galaxies. I - NGC 3198}},
	Volume = 223,
	Year = 1989}
